
@book{施仁杰1992马尔科夫链基础及其应用,
  title={马尔科夫链基础及其应用},
  author={施仁杰},
  publisher={西安电子科技大学出版社},
  year={1992},
}
@article{Elmqvist1997Modelica,
  title={Modelica — A Unified Object-oriented Language for Physical Systems Modeling},
  author={Elmqvist, Hilding},
  journal={Simulation Practice and Theory},
  volume={5},
  number={6},
  pages={p32},
  year={1997},
}
@article{Kwiatkowska2002PRISM,
  title={PRISM: Probabilistic Symbolic Model Checker},
  author={Kwiatkowska, Marta and Norman, Gethin and Parker, David},
  journal={Lecture Notes in Computer Science},
  volume={2324},
  pages={200-204},
  year={2002},
}
@inproceedings{Blochwitz2012Functional,
  title={Functional Mockup Interface 2.0: The Standard for Tool Independent Exchange of Simulation Models},
  author={Blochwitz, T. and Otter, M. and Åkesson, J. and Arnold, M. and Clauss, C. and Elmqvist, H. and Friedrich, M. and Junghanns, A. and Mauss, J. and Neumerkel, D.},
  booktitle={International Modelica Conference},
  pages={105-114},
  year={2012},
}
@book{Clarke1997Model,
  title={Model Checking},
  author={Clarke, Edmund M and Grumberg, Orna and Peled, Doron A},
  publisher={Springer Berlin Heidelberg},
  pages={54-56},
  year={1997},
}
@article{Mendes2001Building,
  title={Building Thermal Performance Analysis by Using Matlab/Simulink},
  author={Mendes, Nathan and Oliveira, Gustavo H C and Araújo, Humberto X De},
  booktitle={Seventh International IBPSA Conference, Rio de Janeiro, Brazil},
  pages={473-480},
  year={2001}
}
@article{Jacobsen2015Smart,
  title={Smart Buildings and Smart Grids},
  author={Jacobsen, Hans Arno and Katz, Randy H and Schmeck, Hartmut and Goebel, Christoph},
  journal={Dagstuhl Reports},
  volume    = {5},
  number    = {2},
  pages     = {128-175},
  year      = {2015}
}
@article{L1999Building,
  title={Building a Chemical Ontology Using Methontology and the Ontology Design Environment},
  author={López, Mariano Fernández and Gómezpérez, Asunción and Sierra, Juan Pazos and Sierra, Alejandro Pazos},
  journal={IEEE Intelligent Systems and Their Applications},
  volume={14},
  number={1},
  pages={37-46},
  year={1999},
}
@inproceedings{Van2017Cyber,
  title={Cyber-Physical Energy Systems Modeling, Test Specification, and Co-Simulation Based Testing},
  author={Van, der Meer, Arjen A and Palensky, Peter and Heussen, Kai and Bondy, Daniel Esteban Morales and Gehrke, Oliver and Steinbrink, Cornelius and Blank, Marita and Lehnhoff, Sebastian and Widl, Edmund and Moyo, Cyndi},
  booktitle={The Workshop on Modeling and Simulation of Cyber-Physical Energy Systems},
  year={2017},
}

@article{杜德慧2017一种面向,
  title={一种面向CPS的自适应统计模型检测方法},
  author={杜德慧 and 昝慧 and 姜凯强 and 程贝},
  journal={软件学报},
  volume={28},
  number={5},
  pages={1128-1143},
  year={2017},
}
@inproceedings{Kleissl2010Cyber,
  title={Cyber-physical Energy Systems: Focus on Smart Buildings},
  author={Kleissl, Jan and Agarwal, Yuvraj},
  booktitle={Design Automation Conference},
  pages={749-754},
  year={2010},
}
@phdthesis{彭大天2013基于,
  title={基于UML和UPPAAL的FAO系统典型运营场景的建模与验证},
  author={彭大天},
  school={北京：北京交通大学},
  year={2013},
}
@article{DBLP:journals/fm/Trybulec09,
  title={Labelled State Transition Systems},
  author={Trybulec, Michał},
  journal={Formalized Mathematics},
  volume={17},
  number={2},
  pages={163-171},
  year={2009},
}
@phdthesis{程贝2016基于抽象和学习的统计模型检测研究,
  title={基于抽象和学习的统计模型检测研究},
  author={程贝},
  school={上海：华东师范大学},
  year={2016},
}
@phdthesis{孙晴晴2013基于,
  title={基于MARTE的面向时间方面建模及转换研究},
  author={孙晴晴},
  school={南京大学},
  year={2013},
}
@phdthesis{王乐2008基于本体的垂直搜索引擎研究,
  title={基于本体的垂直搜索引擎研究},
  author={王乐},
  school={西安：西北大学},
  year={2008},
}
@article{谭朋柳2017面向医疗的,
  title={面向医疗的CPS研究},
  author={谭朋柳 and 周乐 and 冒苏敏},
  journal={信息通信},
  number={1},
  pages={75-76},
  year={2017},
}
@article{刘经浩2015一种基于实时电价的,
  title={一种基于实时电价的HEMS家电最优调度方法},
  author={刘经浩 and 贺蓉 and 李仁发 and 曾刚},
  journal={计算机应用研究},
  volume={32},
  number={1},
  pages={132-137},
  year={2015},
}
@book{CarrierCorporation1965Handbook,
  title={Handbook of Air Conditioning System Design},
  author={CarrierCorporation},
  publisher={McGraw-Hill Book Co},
  year={1965},
}
@article{David2011Statistical,
  title={Statistical Model Checking for Networks of Priced Timed Automata},
  author={David, Alexandre and Larsen, Kim G. and Legay, Axel and Mikučionis, Marius and Poulsen, Danny Bøgsted and Vliet, Jonas Van and Wang, Zheng},
  journal={Lecture Notes in Computer Science},
  volume={6919},
  pages={80-96},
  year={2011},
}
@inproceedings{Henzinger1996The,
  title={The Theory of Hybrid Automata},
  author={Thomas A. Henzinger},
  booktitle={11th Annual {IEEE} Symposium on Logic in Computer Science},
  year={July 1996, New Jersey, USA},
}
@inproceedings{Hu2000Towards,
  title={Towards a Theory of Stochastic Hybrid Systems},
  author={Hu, Jianghai and Lygeros, John and Sastry, Shankar},
  booktitle={International Workshop on Hybrid Systems: Computation and Control},
  pages={160-173},
  year={2000},
}
@inproceedings{DBLP:conf/apsec/YaoLZW15,
  title={Hybrid MARTE},
  author={Yao, Lulu and Liu, Jing and Zhang, Yan and Wang, Yuejun},
  booktitle={Software Engineering Conference},
  pages={174-181},
  year={2016},
}
@book{Hoare1985Communicating,
  title={Communicating Sequential Processes},
  author={Hoare, C. A. R.},
  publisher={Prentice Hall International},
  pages={666-677},
  year={1985},
}
@article{Library2012American,
  title={American Society of Heating, Refrigerating and Air-conditioning Engineers},
  author={Library, World Ebook},
  journal={International Journal of Refrigeration},
  volume={2},
  number={3},
  pages={56–57},
  year={2012},
}
@article{DBLP:conf/facs2/DuHJMY16,
  title={MARTE/pCCSL: Modeling and Refining Stochastic Behaviors of CPSs with Probabilistic Logical Clocks},
  author={Du, Dehui and Huang, Ping and Jiang, Kaiqiang and Mallet, Frédéric and Yang, Mingrui},
  year={2016},
  pages={111-133}
}
@book{DBLP:conf/iimss/SaidaKBA16,
  title={A UML/MARTE Extension for Designing Energy Harvesting in Wireless Sensor Networks},
  author={Saida, Raoudha and Kacem, Yessine Hadj and Bensaleh, M. S. and Abid, Mohamed},
  publisher={Springer International Publishing},
  year={2016},
}
@article{DBLP:journals/aim/NechesFFGPSS91,
  title={Enabling Technology for Knowledge Sharing.},
  author={Neches, Robert and Fikes, Richard and Finin, Tim and Gruber, Tom and Patil, Ramesh and Senator, Ted and Swartout, William R},
  journal={Ai Magazine},
  volume={12},
  number={3},
  pages={36-56},
  year={1991},
}
@inproceedings{DBLP:conf/wsc/OckIF16,
  title={Smart Building Energy Management Systems (BEMS) Simulation Conceptual Framework},
  author={Ock, Jintaek and Issa, Raja R. A. and Flood, Ian},
  booktitle={Winter Simulation Conference},
  pages={3237-3245},
  year={2017},
}
@book{lee2011introduction,
	title={Introduction to Embedded Systems: A Cyber-physical Systems Approach},
	author={Lee, Edward Ashford and Seshia, Sanjit Arunkumar},
	year={2011},
	publisher={Lee \& Seshia}
}
@article{wangzhongjie2011cpssurvey,
	title={信息物理融合系统研究综述},
	author={王中杰 and 谢璐璐},
	journal={自动化学报},
	volume={37},
	number={10},
	pages={1157-1166},
	year={2011},
}
@misc{park2012cyber,
	title={Cyber-physical systems: Milestones and research challenges},
	author={Park, Kyung-Joon and Zheng, Rong and Liu, Xue},
	year={2012},
	publisher={Elsevier}
}
@article{DBLP:journals/corr/StamatescuSACF16,
  title={Building Cyber-Physical Energy Systems},
  author={Stamatescu, Grigore and Stamatescu, Iulia and Arghira, Nicoleta and Calofir, Vasile and Fagarasan, Ioana},
  journal   = {CoRR},
  volume    = {abs/1605.06903},
  year      = {2016}
}
@article{陈小红2011基于问题框架的需求建模,
  title={基于问题框架的需求建模:一种本体制导的方法},
  author={陈小红 and 尹斌 and 金芝},
  journal={软件学报},
  volume={22},
  number={2},
  pages={177-194},
  year={2011},
}
@inproceedings{karnouskos2011cyber,
	title={Cyber-physical Systems in the Smart Grids},
	author={Karnouskos, Stamatis},
	booktitle={Industrial Informatics (INDIN), 2011 9th IEEE International Conference on},
	pages={20-23},
	year={2011},
	organization={IEEE}
}
@inproceedings{DBLP:conf/compsac/ChenGCDLS15,
  title={Evaluating Energy Consumption for Cyber-Physical Energy System: An Environment Ontology-Based Approach},
  author={Chen, Xiaohong and Gu, Fan and Chen, Mingsong and Du, Dehui and Liu, Jing and Sun, Haiying},
  booktitle={IEEE  Computer Software and Applications Conference},
  pages={5-14},
  year={2015},
}
@inproceedings{DBLP:conf/smartgreens/LiTTYW17,
  title={Optimizing Energy Consumption of Hot Water System in Buildings with Solar Thermal Systems},
  author={Li, Wen Tai and Thirugnanam, Kannan and Tushar, Wayes and Yuen, Chau and Wood, Kristin L.},
  booktitle={Smartgreens 2017 :  International Conference on Smart Cities and Green ICT Systems},
  year={2017},
}
@article{DBLP:journals/pieee/Ilic07,
  title={From Hierarchical to Open Access Electric Power Systems},
  author={Marija Ilić},
  journal={Proceedings of the IEEE},
  volume={95},
  number={5},
  pages={1060-1084},
  year={2007},
}
@article{DBLP:journals/tsmc/IlicXKM10,
  title={Modeling of Future Cyber–Physical Energy Systems for Distributed Sensing and Control},
  author={Ilic, Marija D. and Xie, Le and Khan, Usman A. and Moura, José M. F.},
  journal={IEEE Transactions on Systems, Man, and Cybernetics - Part A: Systems and Humans},
  volume={40},
  number={4},
  pages={825-838},
  year={2010},
}
@article{DBLP:journals/chinaf/DavidDLMS12,
  title={An Evaluation Framework for Energy-aware Buildings Using Statistical Model Checking},
  author={Alexandre, David and Larsen, Kim G and Marius, MikuIonis and Arne, Skou},
  journal={Science China},
  volume={55},
  number={12},
  pages={2694-2707},
  year={2012},
}
@article{不确定环境下智能大厦空调系统调度策略评估,
	title={不确定环境下智能大厦空调系统调度策略评估},
	author={陈铭松 and 顾璠 and 徐思远 and 陈小红},
	journal={软件学报},
	volume={27},
	number={03},
	pages={655-669},
	year={2016},
}
@article{王向前2016本体研究综述,
  title={本体研究综述},
  author={王向前 and 张宝隆 and 李慧宗},
  journal={情报杂志},
  volume={35},
  number={6},
  pages={163-170},
  year={2016},
}
@article{邓志鸿2002Ontology,
  title={Ontology研究综述},
  author={邓志鸿 and 唐世渭 and 张铭 and 杨冬青 and 陈捷},
  journal={北京大学学报(自然科学版)},
  volume={38},
  number={5},
  pages={730-738},
  year={2002},
}
@inproceedings{Vet1994The,
  title={The Plinius Ontology of Ceramic Materials},
  author={Vet, Paul E. and Speel, Piet Hein and Mars, Nicolaas J. I.},
  booktitle={European Conference on Artificial Intelligence},
  pages={8-12},
  year={1994},
}
@book{Fellbaum1998WordNet,
  title={WordNet:An Electronic Lexical Database},
  author={Fellbaum, C and Miller, G},
  publisher={MIT Press},
  year={1998},
}
@inproceedings{Cranor2002Sensus,
  title={Sensus: A Security-conscious Electronic Polling System for the Internet},
  author={Cranor, Lorrie Faith and Cytron, Ron K.},
  booktitle={Thirtieth Hawaii International Conference on System Sciences},
  pages={561-570 vol.3},
  year={2002},
}
@article{徐国虎2008基于描述逻辑的本体检错推理研究——以国共合作领域本体为例,
  title={基于描述逻辑的本体检错推理研究——以国共合作领域本体为例},
  author={徐国虎 and 许芳 and 董慧},
  journal={中国图书馆学报},
  volume={34},
  number={1},
  pages={79-84},
  year={2008},
}
@book{博什2001UML,
  title={UML用户指南},
  author={Grady Booch},
  publisher={机械工业出版社},
  year={2001},
}
@inproceedings{DBLP:conf/icteri/Mallet13,
  title={UML Profile for MARTE: Time Model and CCSL},
  author={Mallet, Frédéric},
  booktitle={ICTERI},
  pages={289-294},
  year={2014},
}
@inproceedings{DBLP:conf/ACISicis/LouatiBDS12,
  title={A UML/MARTE Profile for Real-Time Databases},
  author={Louati, Nada and Bouaziz, Rafik and Duvallet, Claude and Sadeg, Bruno},
  booktitle={Ieee/acis  International Conference on Computer and Information Science},
  pages={663-668},
  year={2012},
}

@article{DBLP:journals/eceasst/DavidLLP13,
  author    = {Alexandre David and
               Kim G. Larsen and
               Axel Legay and
               Danny B{\o}gsted Poulsen},
  title     = {Statistical Model Checking of Dynamic Networks of Stochastic Hybrid
               Automata},
  journal   = {{ECEASST}},
  volume    = {66},
  year      = {2013},
  url       = {http://journal.ub.tu-berlin.de/eceasst/article/view/893},
  timestamp = {Tue, 25 Mar 2014 19:30:49 +0100},
  biburl    = {http://dblp.uni-trier.de/rec/bib/journals/eceasst/DavidLLP13},
  bibsource = {dblp computer science bibliography, http://dblp.org}
}
@article{DBLP:journals/spe/BehrmannDLPY11,
  title={Developing UPPAAL over 15 years},
  author={Behrmann, Gerd and David, Alexandre and Larsen, Kim Guldstrand and Pettersson, Paul and Yi, Wang},
  journal={Software—practice and Experience},
  volume={41},
  number={2},
  pages={133-142},
  year={2011},
}
@article{DBLP:journals/corr/abs-1207-1272,
  title={UPPAAL-SMC: Statistical Model Checking for Priced Timed Automata},
  author={Bulychev, Peter and David, Alexandre and Larsen, Kim Gulstrand and Mikučionis, Marius and Poulsen, Danny Bøgsted and Legay, Axel and Wang, Zheng},
  journal={Electronic Proceedings in Theoretical Computer Science},
  volume={85},
  number={Proc. QAPL 2012},
  year={2012},
}
@article{张文秀2011领域本体的构建方法研究,
  title={领域本体的构建方法研究},
  author={张文秀 and 朱庆华},
  journal={图书与情报},
  number={1},
  pages={16-19},
  year={2011},
}
@article{augustine2005rising,
	title={Rising above the gathering storm: Energizing and employing America for a brighter economic future},
	author={Augustine, Norman R and others},
	journal={Retrieved March},
	volume={19},
	pages={2008},
	year={2005}
}
@book{baier2008principles,
	title={Principles of model checking},
	author={Baier, Christel and Katoen, Joost-Pieter and others},
	volume={26202649},
	year={2008},
	publisher={MIT press Cambridge}
}

@article{platzer2008differential,
	title={Differential dynamic logic for hybrid systems},
	author={Platzer, Andr{\'e}},
	journal={Journal of Automated Reasoning},
	volume={41},
	number={2},
	pages={143-189},
	year={2008},
	publisher={Springer}
}
@inproceedings{DBLP:conf/compsac/ChengWLD15,
  title={Modana: An Integrated Framework for Modeling and Analysis of Energy-Aware CPSs},
  author={Cheng, Bei and Wang, Xiao and Liu, Jufu and Du, Dehui},
  booktitle={39th {IEEE} Annual Computer Software and Applications Conference},
  year={July 2015, Taichung, Taiwan},
}
@article{DBLP:conf/hybrid/FehnkerI04,
  title={Benchmarks for Hybrid Systems Verification},
  author={Fehnker, Ansgar and Ivančić, Franjo},
  volume={2993},
  pages={326-341},
  year={2004},
}
@inproceedings{platzer2008computing,
	title={Computing differential invariants of hybrid systems as fixedpoints},
	author={Platzer, Andr{\'e} and Clarke, Edmund M},
	booktitle={Computer Aided Verification},
	pages={176-189},
	year={2008},
	organization={Springer}
}
@inproceedings{legay2010statistical,
	title={Statistical model checking: An overview},
	author={Legay, Axel and Delahaye, Beno{\^\i}t and Bensalem, Saddek},
	booktitle={Runtime Verification},
	pages={122-135},
	year={2010},
	organization={Springer}
}

@book{ptolemaeus2014system,
	title={System design, modeling, and simulation: using Ptolemy II},
	author={Ptolemaeus, Claudius},
	year={2014},
	publisher={Ptolemy. org Berkeley}
}

@incollection{hu2000towards,
	title={Towards a theory of stochastic hybrid systems},
	author={Hu, Jianghai and Lygeros, John and Sastry, Shankar},
	booktitle={Hybrid systems: computation and control},
	pages={160-173},
	year={2000},
	publisher={Springer}
}


@article{open2006ieee,
	title={IEEE standard SystemC language reference manual},
	author={Open SystemC Initiative and others},
	journal={IEEE Computer Society},
	pages={1666-2005},
	year={2006}
}
@article{baiduHome,
	title={baiduHome},
	note={http://www.baidu.com}
}
//注意
@article{FMUSdk2,
	author={QTronic GmbH},
	title={https://www.qtronic.de/en/fmusdk.html}
}
@article{茹志鹃2013可扩展标记语言中的模式定义,
	title={可扩展标记语言中的模式定义},
	author={茹志鹃},
	journal={电脑知识与技术},
	number={34},
	pages={7663-7664},
	year={2013},
}
@inproceedings{KNP11,
	author={M. Kwiatkowska and G. Norman and D. Parker},
	title={{PRISM} 4.0: Verification of Probabilistic Real-time Systems},
	booktitle={Proc. 23rd International Conference on Computer Aided Verification (CAV'11)},
	year={2011},
	
	editor={G. Gopalakrishnan and S. Qadeer},
	pages={585-591},
	organization={},
	publisher={Springer},
	series={LNCS},
	volume={6806},
	address={},
	month={},
	note={},
	key={}
}
@inproceedings{hinton2006prism,
	title={PRISM: A tool for automatic verification of probabilistic systems},
	author={Hinton, Andrew and Kwiatkowska, Marta and Norman, Gethin and Parker, David},
	booktitle={International Conference on Tools and Algorithms for the Construction and Analysis of Systems},
	pages={441-444},
	year={2006},
	organization={Springer}
}
@incollection{fritzson1998modelica,
	title={Modelica—A Unified Object-oriented Language for System Modeling and Simulation},
	author={Fritzson, Peter and Engelson, Vadim},
	booktitle={ECOOP’98—Object-Oriented Programming},
	pages={67-90},
	year={1998},
	publisher={Springer}
}
@article{赵建军2006Modelica,
	title={Modelica语言及其多领域统一建模与仿真机理},
	author={赵建军 and 丁建完 and 周凡利 and 陈立平},
	journal={系统仿真学报},
	volume={18},
	number={S2},
	pages={570-573},
	year={2006},
}
@book{Anderson1900Continuous,
	title={Continuous-Time Markov Chains},
	author={Anderson, William J.},
	publisher={World Publishing Corp},
	pages={241-340},
	year={1900},
}
@article{徐玉华2006泊松分布性质及应用研究,
	title={泊松分布性质及应用研究},
	author={徐玉华 and 曾明},
	journal={长江大学学报:自科版},
	number={4},
	pages={132-133},
	year={2006},
}
@inproceedings{kwiatkowska2002prism,
	title={PRISM: Probabilistic symbolic model checker},
	author={Kwiatkowska, Marta and Norman, Gethin and Parker, David},
	booktitle={International Conference on Modelling Techniques and Tools for Computer Performance Evaluation},
	pages={200-204},
	year={2002},
	organization={Springer}
}
@inproceedings{kwiatkowska2002prism,
	title={PRISM: Probabilistic symbolic model checker},
	author={Kwiatkowska, Marta and Norman, Gethin and Parker, David},
	booktitle={International Conference on Modelling Techniques and Tools for Computer Performance Evaluation},
	pages={200-204},
	year={2002},
	organization={Springer}
}
@article{2013Discrete,
	title={Discrete-Time Markov Chain (DTMC)},
	pages={437-437},
	year={2013},
}
@inproceedings{Cremona2016FIDE,
	title={FIDE: an FMI integrated development environment},
	author={Cremona, Fabio and Lohstroh, Marten and Tripakis, Stavros and Brooks, Christopher and Lee, Edward A},
	booktitle={ACM Symposium on Applied Computing},
	pages={1759-1766},
	year={2016},
}
\\注意
@inproceedings{Broman2013Determinate,
	title={Determinate composition of FMUs for co-simulation},
	author={Broman, David and Brooks, Christopher and Greenberg, Lev and Lee, Edward A. and Masin, Michael and Tripakis, Stavros and Wetter, Michael},
	booktitle={Proceedings of the International Conference on Embedded Software},
	pages={1-12},
	year={2013}
}
@article{chaudemar2014co,
	title={Co-simulation of Event-B and Ptolemy II Models via FMI},
	author={Chaudemar, Jean-Charles and Savicks, Vitaly and Butler, Michael},
	year={2014}
}
@inproceedings{Larsen2016Integrated,
	title={Integrated tool chain for model-based design of Cyber-Physical Systems: The INTO-CPS project},
	author={Larsen, Peter Gorm and Fitzgerald, John and Woodcock, Jim and Fritzson, Peter},
	booktitle={International Workshop on Modelling, Analysis, and Control of Complex Cps},
	pages={1-6},
	year={2016},
}
@article{Fritzson2014The,
	title={The OpenModelica Modeling, Simulation, and Development Environment},
	author={Fritzson, Peter and Aronsson, Peter and Lundvall, Håkan and Nyström, Kaj and Pop, Adrian and Saldamli, Levon and Broman, David},
	journal={Simulation News Europe},
	year={2014},
}
@inproceedings{Dempsey2006Dymola,
	title={Dymola for Multi-Engineering Modelling and Simulation},
	author={Dempsey, M},
	booktitle={Vehicle Power and Propulsion Conference, 2006. VPPC '06. IEEE},
	pages={1-6},
	year={2006},
}
@inproceedings{broman2013determinate,
	title={Determinate composition of FMUs for co-simulation},
	author={Broman, David and Brooks, Christopher and Greenberg, Lev and Lee, Edward A and Masin, Michael and Tripakis, Stavros and Wetter, Michael},
	booktitle={Proceedings of the Eleventh ACM International Conference on Embedded Software},
	pages={2},
	year={2013},
	organization={IEEE Press}
}
@article{刘建亮2010Mina,
	title={Mina框架研究与实现},
	author={刘建亮 and 宋莉},
	journal={电脑编程技巧与维护},
	number={7},
	pages={51-54},
	year={2010},
}
@article{侯捷2004Java,
	title={Java反射机制},
	author={侯捷},
	journal={程序员},
	number={10},
	pages={82-87},
	year={2004},
}
@inproceedings{cheng2015modana,
	title={Modana: An integrated framework for modeling and analysis of energy-aware cpss},
	author={Cheng, Bei and Wang, Xiao and Liu, Jufu and Du, Dehui},
	booktitle={Computer Software and Applications Conference (COMPSAC), 2015 IEEE 39th Annual},
	volume={2},
	pages={127-136},
	year={2015},
	organization={IEEE}
}
@phdthesis{程贝2016基于抽象和学习的统计模型检测研究,
	title={基于抽象和学习的统计模型检测研究},
	author={程贝},
	school={华东师范大学},
	year={2016},
}
@article{Fritzson2005The,
	title={The OpenModelica Modeling, Simulation, and Development Environment},
	author={Fritzson, Peter and Aronsson, Peter and Lundvall, Håkan and Nyström, Kaj and Pop, Adrian and Saldamli, Levon and Broman, David},
	journal={Simulation News Europe},
	year={2005},
}
@inproceedings{Tripakis2015Bridging,
	title={Bridging the semantic gap between heterogeneous modeling formalisms and FMI},
	author={Tripakis, Stavros},
	booktitle={International Conference on Embedded Computer Systems: Architectures, Modeling, and Simulation},
	pages={60-69},
	year={2015},
}
@article{Fehnker2004Benchmarks,
	title={Benchmarks for Hybrid Systems Verification},
	author={Fehnker, Ansgar and Ivančić, Franjo},
	journal={Lecture Notes in Computer Science},
	volume={326-341},
	pages={326-341},
	year={2004},
}
@article{DBLP:journals/chinaf/DavidDLMS12,
  author    = {Alexandre David and
               Dehui Du and
               Kim G. Larsen and
               Marius Mikucionis and
               Arne Skou},
  title     = {An evaluation framework for energy aware buildings using statistical
               model checking},
  journal   = {{SCIENCE} {CHINA} Information Sciences},
  volume    = {55},
  number    = {12},
  pages     = {2694-2707},
  year      = {2012},
  url       = {https://doi.org/10.1007/s11432-012-4742-0},
  doi       = {10.1007/s11432-012-4742-0},
  timestamp = {Wed, 17 May 2017 14:25:34 +0200},
  biburl    = {http://dblp.org/rec/bib/journals/chinaf/DavidDLMS12},
  bibsource = {dblp computer science bibliography, http://dblp.org}
}





@article{Fourum1995,
	title={{MPI}: A Message Passing Interface Standard},
	author={Fourum, The M P I},
	year={1995},
}


@inproceedings{jensen1996model,
	title={Model checking probabilistic real time systems},
	author={Jensen, H},
	booktitle={Proc. 7th Nordic Workshop on Programming Theory},
	pages={247-261},
	year={1996}
}
@inproceedings{kwiatkowska1999automatic,
	title={Automatic verification of real-time systems with discrete probability distributions},
	author={Kwiatkowska, Marta and Norman, Gethin and Segala, Roberto and Sproston, Jeremy},
	booktitle={International AMAST Workshop on Aspects of Real-Time Systems and Concurrent and Distributed Software},
	pages={75-95},
	year={1999},
	organization={Springer}
}