@misc{GoogleP55:online,
author = {},
title = {â€¢ Google Play Store: number of apps 2018 | Statistic},
howpublished = {\url{https://www.statista.com/statistics/266210/number-of-available-applications-in-the-google-play-store/}},
month = {},
year = {},
note = {(Accessed on 09/07/2018)}
}