@inproceedings{Gordon91,
  author    = {Michael J. C. Gordon},
  title     = {Introduction to the {HOL} System},
  booktitle = {Proceedings of the International Workshop on the {HOL} Theorem
               Proving System and its Applications, Davis, California,
               {USA}},
  pages     = {2-3},
  year      = {1991}
}

@book{Davis1994CCL,
 author = {Davis, Martin D. and Sigal, Ron and Weyuker, Elaine J.},
 title = {Computability, Complexity, and Languages: Fundamentals of Theoretical Computer Science (2nd Edition)},
 year = {1994},
 isbn = {0-12-206382-1},
 publisher = {Academic Press Professional, Inc.},
 address = {San Diego, CA, USA},
} 


@book{Ko1991,
 author = {Ko, Ker-I},
 title = {Complexity Theory of Real Functions},
 year = {1991},
 isbn = {0-8176-3586-6},
 publisher = {Birkhauser Boston Inc.},
 address = {Cambridge, MA, USA},
} 

@incollection{javamem,
year={2011},
isbn={978-3-642-21436-3},
booktitle={Proceedings of FM},
volume={6664},
series={Lecture Notes in Computer Science},
doi={10.1007/978-3-642-21437-0_20},
title={{The Safety-Critical Java Memory Model: A Formal Account}},
url={http://dx.doi.org/10.1007/978-3-642-21437-0_20},
publisher={Springer Berlin Heidelberg},
author={Cavalcanti, Ana and Wellings, Andy and Woodcock, Jim},
pages={246-261},
language={English}
}


@incollection{semanticsptsc,
year={2013},
isbn={978-3-642-35704-6},
booktitle={Unifying Theories of Programming},
volume={7681},
series={Lecture Notes in Computer Science},
doi={10.1007/978-3-642-35705-3_11},
title= {{Denotational Semantics for a Probabilistic Timed Shared-Variable Language}},
url={http://dx.doi.org/10.1007/978-3-642-35705-3_11},
publisher={Springer Berlin Heidelberg},
author={Zhu, Huibiao and Sanders, Jeff W. and He, Jifeng and Qin, Shengchao},
pages={224-247},
language={English}
}

@incollection{butterfield2013,
year={2013},
isbn={978-3-642-39717-2},
booktitle={Proceedings of ICTAC},
volume={8049},
series={Lecture Notes in Computer Science},
doi={10.1007/978-3-642-39718-9_6},
title={{From Distributions to Probabilistic Reactive Programs}},
url={http://dx.doi.org/10.1007/978-3-642-39718-9_6},
publisher={Springer Berlin Heidelberg},
author={Bresciani, Riccardo and Butterfield, Andrew},
pages={94-111},
language={English}
}


@ARTICLE{Jifeng95probabilisticmodels,
    author = {He Jifeng and A. Mciver and K. Seidel},
    title = {Probabilistic Models for the Guarded Command Language},
    journal = {Science of Computer Programming},
    year = {1995},
    volume = {28},
    pages = {28-171}
}

@inproceedings{Woodcock2001A,
  title={{A Concurrent Language for Refinement}},
  author={Jim Woodcock and Ana Cavalcanti},
  booktitle={5th Irish Workshop on Formal Methods},
  month = {July},
  year = {2001},
  pages = {182-196}
}

@article{timedcircus,
year={2010},
issn={0934-5043},
journal={Formal Aspects of Computing},
volume={22},
number={2},
doi={10.1007/s00165-009-0119-6},
title={{A Process Algebraic Framework for Specification and Validation of Real-Time Systems}},
url={http://dx.doi.org/10.1007/s00165-009-0119-6},
publisher={Springer-Verlag},
keywords={Relational models; Unifying theories of programming; CSP; Galois connections},
author={Sherif, Adnan and Cavalcanti, Ana and Jifeng, He and Sampaio, Augusto},
pages={153-191},
language={English}
}


@article{circusproof2013,
year={2013},
issn={0934-5043},
journal={Formal Aspects of Computing},
volume={25},
number={1},
doi={10.1007/s00165-007-0044-5},
title={{Unifying theories in ProofPower-Z}},
url={http://dx.doi.org/10.1007/s00165-007-0044-5},
publisher={Springer-Verlag},
keywords={Relational semantics; Theorem proving; Circus},
author={Oliveira, Marcel and Cavalcanti, Ana and Woodcock, Jim},
pages={133-158},
language={English}
}



@article{circusutpsm,
year={2009},
issn={0934-5043},
journal={Formal Aspects of Computing},
volume={21},
number={1-2},
doi={10.1007/s00165-007-0052-5},
title={{A UTP Semantics for Circus}},
url={http://dx.doi.org/10.1007/s00165-007-0052-5},
publisher={Springer-Verlag},
keywords={Relational model; Concurrency; Refinement calculus; Theorem proving},
author={Oliveira, Marcel and Cavalcanti, Ana and Woodcock, Jim},
pages={3-32},
language={English}
}


@article{Verilog2008,
year={2008},
issn={1614-5046},
journal={Innovations in Systems and Software Engineering},
volume={4},
number={4},
doi={10.1007/s11334-008-0069-9},
title= {{From Algebraic Semantics to Denotational Semantics for Verilog}},
url={http://dx.doi.org/10.1007/s11334-008-0069-9},
publisher={Springer-Verlag},
keywords={Algebraic semantics; Denotational semantics; Unifying theories of programming; Semantic relating; Verilog},
author={Zhu, Huibiao and He, Jifeng and Bowen, Jonathan P.},
pages={341-360},
language={English}
}


@article{PTSC,
year={2009},
issn={1614-5046},
journal={Innovations in Systems and Software Engineering},
volume={5},
number={4},
doi={10.1007/s11334-009-0100-9},
title={{PTSC: Probability, Time and Shared-Variable Concurrency}},
url={http://dx.doi.org/10.1007/s11334-009-0100-9},
publisher={Springer-Verlag},
keywords={Probability; Time; Shared-variable concurrency; Operational semantics; Algebraic laws; Bisimulation},
author={Zhu, Huibiao and Qin, Shengchao and He, Jifeng and Bowen, Jonathan P.},
pages={271-284},
language={English}
}

@article {MR2881518,
    AUTHOR = {Zhu, Huibiao and Yang, Fan and He, Jifeng and Bowen, Jonathan
              P. and Sanders, Jeff W. and Qin, Shengchao},
     TITLE = {Linking operational semantics and algebraic semantics for a
              probabilistic timed shared-variable language},
   JOURNAL = {J. Log. Algebr. Program.},
  FJOURNAL = {The Journal of Logic and Algebraic Programming},
    VOLUME = {81},
      YEAR = {2012},
    NUMBER = {1},
     PAGES = {2--25},
      ISSN = {1567-8326},
   MRCLASS = {68Q55},
  MRNUMBER = {2881518},
       DOI = {10.1016/j.jlap.2011.06.003},
       URL = {http://dx.doi.org/10.1016/j.jlap.2011.06.003},
}

@incollection{javaFM2011,
year={2011},
isbn={978-3-642-21436-3},
booktitle={FM 2011: Formal Methods},
volume={6664},
series={Lecture Notes in Computer Science},
editor={Butler, Michael and Schulte, Wolfram},
doi={10.1007/978-3-642-21437-0_20},
title={The Safety-Critical Java Memory Model: A Formal Account},
url={http://dx.doi.org/10.1007/978-3-642-21437-0_20},
publisher={Springer Berlin Heidelberg},
keywords={semantics; UTP; integration; refinement},
author={Cavalcanti, Ana and Wellings, Andy and Woodcock, Jim},
pages={246-261},
language={English}
}


@article {MR0005280,
    AUTHOR = {Tarski, Alfred},
     TITLE = {On the calculus of relations},
   JOURNAL = {J. Symbolic Logic},
  FJOURNAL = {The Journal of Symbolic Logic},
    VOLUME = {6},
    number = {3},
      YEAR = {1941},
     PAGES = {73--89},
      ISSN = {0022-4812},
   MRCLASS = {02.0X},
  MRNUMBER = {0005280 (3,130e)},
MRREVIEWER = {O. Frink},
}
	

@article {MR0074376,
    AUTHOR = {Tarski, Alfred},
     TITLE = {{A Lattice-Theoretical Fixpoint Theorem and Its Applications}},
   JOURNAL = {Pacific Journal of Mathematics},
  FJOURNAL = {Pacific Journal of Mathematics},
    VOLUME = {5},
    NUMBER  = {2},
      YEAR = {1955},
     PAGES = {285--309},
      ISSN = {0030-8730},
   MRCLASS = {06.0X},
  MRNUMBER = {0074376 (17,574d)},
MRREVIEWER = {B. J{\'o}nsson},
}
		
		
@book{dijkstra1990predicate,
  title={{Predicate Calculus and Program Semantics}},
  author={Dijkstra, E.W. and Scholten, C.S.},
  isbn={9780387969572},
  lccn={lc89011540},
  series={Texts and monographs in computer science},
  url={http://books.google.ca/books?id=Q4VQAAAAMAAJ},
  year={1990},
  publisher={Springer-Verlag}
}


@PhdThesis{cbjonesphd,
  author = 	 "C. B. Jones",
  title = 	 "Development Methods for Computer Programs including a Notion of Interference",
  school = 	 "Oxford University",
  year = 	 "1981",
}


@incollection{mrg2007,
year={2007},
isbn={978-3-540-74406-1},
booktitle={Proceedings of CONCUR},
volume={4703},
series={Lecture Notes in Computer Science},
doi={10.1007/978-3-540-74407-8_18},
title= {{A Marriage of Rely/Guarantee and Separation Logic}},
url={http://dx.doi.org/10.1007/978-3-540-74407-8_18},
publisher={Springer Berlin Heidelberg},
author={Vafeiadis, Viktor and Parkinson, Matthew},
pages={256-271},
language={English}
}


@inproceedings{Reynolds2002,
 author = {Reynolds, John C.},
 title = {{Separation Logic: A Logic for Shared Mutable Data Structures}},
 booktitle = {Proceedings of LICS},
 year = {2002},
 isbn = {0-7695-1483-9},
 pages = {55--74},
 numpages = {20},
 url = {http://dl.acm.org/citation.cfm?id=645683.664578},
 acmid = {664578},
 publisher = {IEEE}
} 


@article{Apt1981TYH,
 author = {Apt, Krzysztof R.},
 title = {{Ten Years of Hoare's Logic: A Survey--Part I}},
 journal = {ACM Transactions on Programming Languages and Systems},
 issue_date = {Oct. 1981},
 volume = {3},
 number = {4},
 month = oct,
 year = {1981},
 issn = {0164-0925},
 pages = {431--483},
 numpages = {53},
 url = {http://doi.acm.org/10.1145/357146.357150},
 doi = {10.1145/357146.357150},
 acmid = {357150},
 publisher = {ACM},
 address = {New York, NY, USA},
} 

@article{Hoare1969An,
  title={{An Axiomatic Basis for Computer Programming}},
  author={C. A. R. Hoare},
  journal={Communications of the ACM},
  volume={12},
  number = {10},
  pages={576--580},
  year={1969}
}

@article{Davis1962,
 author = {Davis, Martin and Logemann, George and Loveland, Donald},
 title = {{A Machine Program for Theorem-proving}},
 journal = {Communications of the ACM},
 issue_date = {July 1962},
 volume = {5},
 number = {7},
 month = jul,
 year = {1962},
 issn = {0001-0782},
 pages = {394--397},
 numpages = {4},
 url = {http://doi.acm.org/10.1145/368273.368557},
 doi = {10.1145/368273.368557},
 acmid = {368557},
 publisher = {ACM},
 address = {New York, NY, USA},
} 

@article{Sebastiani2007Lazy,
  title={{Lazy Satisfiability Modulo Theories}},
  author={Roberto Sebastiani},
  journal={Journal on Satisfiability, Boolean Modeling and Computation},
  volume={3},
  number={3--4},
  pages={141--224},
  year={2007}
}

@PhdThesis{seshiathesis05,
  author = 	 "Sanjit A. Seshia",
  title = 	 "Adaptive Eager Boolean Encoding for Arithmetic Reasoning in Verification",
  school = 	 "Carnegie Mellon University",
  year = 	 "2005",
  month = {May},
}

@incollection{Tarski1998,
year={1998},
isbn={978-3-211-82794-9},
booktitle={Quantifier Elimination and Cylindrical Algebraic Decomposition},
series={Texts and Monographs in Symbolic Computation},
doi={10.1007/978-3-7091-9459-1_3},
title={{A Decision Method for Elementary Algebra and Geometry}},
url={http://dx.doi.org/10.1007/978-3-7091-9459-1_3},
publisher={Springer Vienna},
author={Tarski, Alfred},
pages={24-84},
language={English}
}


@book{Cormen2000,
  title={Introduction to Algorithms},
  author={Cormen, Thomas H. and Leiserson, Charles  Eric and Rivest,  Ronald L.},
  publisher={MIT Press},
  pages={532-536},
  year={2000}
}

@incollection{slam2001,
year={2001},
isbn={978-3-540-42345-4},
booktitle={Proceedings of CAV},
volume={2102},
series={Lecture Notes in Computer Science},
doi={10.1007/3-540-44585-4_25},
title={{The SLAM Toolkit}},
url={http://dx.doi.org/10.1007/3-540-44585-4_25},
publisher={Springer Berlin Heidelberg},
author={Ball, Thomas and Rajamani, SriramK.},
pages={260-264},
language={English}
}


@article{blast2007,
year={2007},
issn={1433-2779},
journal={International Journal on Software Tools for Technology Transfer},
volume={9},
number={5-6},
doi={10.1007/s10009-007-0044-z},
title={{The software model checker BLAST}},
url={http://dx.doi.org/10.1007/s10009-007-0044-z},
publisher={Springer-Verlag},
keywords={Model checking; Software verification; Software specification; Memory safety; Test-case generation},
author={Beyer, Dirk and Henzinger, Thomas A. and Jhala, Ranjit and Majumdar, Rupak},
pages={505-525},
language={English}
}


@inproceedings{cade92-pvs,
    AUTHOR = {S. Owre and J. M. Rushby and N. Shankar},
    TITLE = {{PVS: A Prototype Verification System}},
    BOOKTITLE = {Proceedings of CADE},
    YEAR = {1992},
    SERIES = {Lecture Notes in Artificial Intelligence},
    VOLUME = {607},
    PAGES = {748-752},
    ADDRESS = {Saratoga, {NY}},
    MONTH = {June},
    PUBLISHER = {Springer-Verlag},
    URL = {http://www.csl.sri.com/papers/cade92-pvs/}
}

@book{Nipkow2002,
 author = {Nipkow, Tobias and Wenzel, Markus and Paulson, Lawrence C.},
 title = {Isabelle/HOL: A Proof Assistant for Higher-order Logic},
 year = {2002},
 isbn = {3-540-43376-7},
 publisher = {Springer-Verlag},
 address = {Berlin, Heidelberg},
} 

@incollection{BM90,
year={1990},
isbn={978-3-540-52885-2},
booktitle={Proceedings of CADE},
volume={449},
series={Lecture Notes in Computer Science},
doi={10.1007/3-540-52885-7_75},
title= {{A Theorem Prover for A Computational Logic}},
url={http://dx.doi.org/10.1007/3-540-52885-7_75},
publisher={Springer Berlin Heidelberg},
author={Robert S. Boyer and J Strother Moore},
pages={1-15},
language={English}
}


@article{Shostak1984,
 author = {Shostak, Robert E.},
 title = {{Deciding Combinations of Theories}},
 journal = {Journal of the ACM},
 issue_date = {Jan. 1984},
 volume = {31},
 number = {1},
 month = jan,
 year = {1984},
 issn = {0004-5411},
 pages = {1--12},
 numpages = {12},
 url = {http://doi.acm.org/10.1145/2422.322411},
 doi = {10.1145/2422.322411},
 acmid = {322411},
 publisher = {ACM},
 address = {New York, NY, USA},
} 


@article{Shostak1979A,
  title={{A Practical Decision Procedure for Arithmetic with Function Symbols}},
  author={Robert E. Shostak},
  journal={Journal of the ACM},
  volume={26},
  number={2},
  pages={351-360},
  year={1979}
}

@article{Shostak1978An,
  title={{An Algorithm for Reasoning About Equality}},
  author={Robert E. Shostak},
  journal={Communications of the ACM},
  volume={21},
  number={7},
  pages={583-585},
  year={1978}
}

@article{Nelson1979Simplification,
  title={{Simplification by Cooperating Decision Procedures}},
  author={Nelson, Greg and  Oppen, Derek C. },
  journal={ACM Transactions on Programming Languages and Systems},
  volume={1},
  number={2},
  pages={245--257},
  year={1979}
}

@article{Nelson1980Fast,
  title={{Fast Decision Procedures Based on Congruence Closure}},
  author={Greg Nelson and Derek C. Oppen},
  journal={Journal of the ACM},
  volume={27},
  number={2},
  pages={356-364},
  year={1980}
}

@book{Parr2013,
 author = {Parr, Terence},
 title = {The Definitive ANTLR 4 Reference},
 year = {2013},
 isbn = {1934356999, 9781934356999},
 edition = {2nd},
 publisher = {Pragmatic Bookshelf},
} 

@book{Parsingtechniques,
    author = {Dick Grune and Ceriel Jacobs and Dick Grune and Ceriel J. Jacobs},
    title = {Parsing Techniques: A Practical Guide},
    year = {2008},
    publisher={Springer-Verlag New York},
    isbn = {978-0-387-20248-8},
    doi = {10.1007/978-0-387-68954-8}
}

@book{compiler,
 author = {Aho, Alfred V. and Lam, Monica S. and Sethi, Ravi and Ullman, Jeffrey D.},
 title = {Compilers: Principles, Techniques, and Tools (2nd Edition)},
 year = {2006},
 isbn = {0321486811},
 publisher = {Addison-Wesley Longman Publishing Co., Inc.},
 address = {Boston, MA, USA},
} 



@article{Parr1995ANTLR,
  title={{ANTLR: A Predicated-LL(k) Parser Generator}},
  author={Terence John Parr and Russell W. Quong},
  journal={Software: Practice and Experience},
  volume={25},
  number={7},
  pages={789--810},
  year={1995}
}

@incollection{Sicun2015,
author={Bing Liu and Soonho Kong and Sicun Gao and Paolo Zuliani and Edmund Clarke},
title={{Towards Personalized Cancer Therapy Using Delta-Reachability Analysis}},
booktitle={Proceedings of HSCC},
year={2015},
pages={227--232},
publisher={ACM}
}
 

@incollection{Sicun2014,
year={2014},
isbn={978-3-319-12981-5},
booktitle={Computational Methods in Systems Biology},
volume={8859},
series={Lecture Notes in Computer Science},
doi={10.1007/978-3-319-12982-2_8},
title={{Parameter Synthesis for Cardiac Cell Hybrid Models Using Delta-Decisions}},
url={http://dx.doi.org/10.1007/978-3-319-12982-2_8},
publisher={Springer International Publishing},
author={Liu, Bing and Kong, Soonho and Gao, Sicun and Zuliani, Paolo and Clarke, EdmundM.},
pages={99-113},
language={English}
}


@book{Kroening2008,
 author = {Kroening, Daniel and Strichman, Ofer},
 title = {Decision Procedures: An Algorithmic Point of View},
 year = {2008},
 publisher = {Springer Berlin Heidelberg},
} 

@incollection{Sicun2012DC,
year={2012},
isbn={978-3-642-31364-6},
booktitle={Automated Reasoning},
volume={7364},
series={Lecture Notes in Computer Science},
doi={10.1007/978-3-642-31365-3_23},
title={{Delta-Complete Decision Procedures for Satisfiability Over the Reals}},
url={http://dx.doi.org/10.1007/978-3-642-31365-3_23},
publisher={Springer Berlin Heidelberg},
author={Gao, Sicun and Avigad, Jeremy and Clarke, Edmund M.},
pages={286-300},
language={English}
}


@INPROCEEDINGS{Sicun2012DD, 
author={Sicun Gao and Avigad, J. and Clarke, E.M.}, 
booktitle={Logic in Computer Science (LICS), 2012 27th Annual IEEE Symposium on}, 
title={Delta-Decidability over the Reals}, 
year={2012}, 
month={June}, 
pages={305-314}, 
doi={10.1109/LICS.2012.41}, 
ISSN={1043-6871},
publisher={IEEE}
}

@INPROCEEDINGS{Sicun2010, 
author={Sicun Gao and Malay Ganai and Franjo Ivan\v{c}i{\'c} and Aarti Gupta and Sriram Sankaranarayanan and Edmund M. Clarke}, 
booktitle={Proceedings of FMCAD}, 
title={{Integrating ICP and LRA Solvers for Deciding Nonlinear Real Arithmetic Problems}}, 
year={2010}, 
pages={81-89}, 
publisher={IEEE}
}

@inproceedings{KeYmaera,
  author    = {Andr{\'{e}} Platzer and
               Jan{-}David Quesel},
  title     = {{KeYmaera: A Hybrid Theorem Prover for Hybrid Systems (System Description)}},
  volume={5195},
  series={Lecture Notes in Computer Science},
  booktitle = {Proceedings of Automated Reasoning},
  pages     = {171-178},
  year      = {2008},
  url       = {http://dx.doi.org/10.1007/978-3-540-71070-7_15},
  doi       = {10.1007/978-3-540-71070-7_15}
}

@article{Platzer2008Differential,
  title={Differential Dynamic Logic for Hybrid Systems},
  author={André Platzer},
  journal={Journal of Automated Reasoning},
  volume={41},
  number={2},
  pages={143-189},
  year={2008}
}


@inproceedings{Bu2010,
 author = {Bu, Lei and Zhao, Jianhua and Li, Xuandong},
 title = {{Path-oriented Reachability Verification of a Class of Nonlinear Hybrid Automata Using Convex Programming}},
 booktitle = {Proceedings of VMCAI},
 series = {Lecture Notes in Computer Science},
 year = {2010},
 isbn = {3-642-11318-4, 978-3-642-11318-5},
 location = {Madrid, Spain},
 pages = {78-94},
  volume = {5944},
 url = {http://dx.doi.org/10.1007/978-3-642-11319-2_9},
 doi = {10.1007/978-3-642-11319-2_9},
 publisher = {Springer-Verlag},
 address = {Berlin, Heidelberg},
} 

@incollection{supportfunction2009,
year={2009},
isbn={978-3-642-02657-7},
booktitle={Proceedings of CAV},
volume={5643},
series={Lecture Notes in Computer Science},
doi={10.1007/978-3-642-02658-4_40},
title={{Reachability Analysis of Hybrid Systems Using Support Functions}},
url={http://dx.doi.org/10.1007/978-3-642-02658-4_40},
publisher={Springer Berlin Heidelberg},
author={Colas Le Guernic  and Antoine Girard},
pages={540-554},
language={English}
}


@article{Chen2012Taylor,
  title= {{Taylor Model Flowpipe Construction for Non-linear Hybrid Systems}},
  author={Xin Chen and Erika Ábrahám and Sriram Sankaranarayanan},
  journal={Proceedings of RTSS},
  pages={183-192},
  publisher={IEEE},
  year={2012}
}

@incollection{flowstar,
year={2013},
isbn={978-3-642-39798-1},
booktitle={Proceedings of CAV},
volume={8044},
series={Lecture Notes in Computer Science},
doi={10.1007/978-3-642-39799-8_18},
title={{Flow*: An Analyzer for Non-linear Hybrid Systems}},
url={http://dx.doi.org/10.1007/978-3-642-39799-8_18},
publisher={Springer Berlin Heidelberg},
author={Chen, Xin and Ábrahám, Erika and Sankaranarayanan, Sriram},
pages={258-263},
language={English}
}


@article{Althoff2010Computing,
  title={{Computing Reachable Sets of Hybrid Systems Using A Combination of Zonotopes and Polytopes}},
  author={Matthias Althoff and Olaf Stursberg and Martin Buss},
  journal={Nonlinear Analysis: Hybrid Systems},
  volume={4},
  number={2},
  pages={233--249},
  year={2010}
}

@incollection{Girard08zonotope,
    author = {Antoine Girard and Colas Le Guernic},
    title = {{ Zonotope/Hyperplane Intersection for Hybrid Systems Reachability Analysis}},
    booktitle={Proceedings of HSCC},
    series={Lecture Notes in Computer Science},
    publisher={Springer Berlin Heidelberg},
    pages={215--228},
    volume={4981},
    year = {2008}
}

@incollection{Gir05,
year={2005},
isbn={978-3-540-25108-8},
booktitle={Proceedings of HSCC},
volume={3414},
series={Lecture Notes in Computer Science},
doi={10.1007/978-3-540-31954-2_19},
title={{Reachability of Uncertain Linear Systems Using Zonotopes}},
url={http://dx.doi.org/10.1007/978-3-540-31954-2_19},
publisher={Springer Berlin Heidelberg},
author={Girard, Antoine},
pages={291-305},
language={English}
}


@article{kuh98,
year={1998},
issn={0010-485X},
journal={Computing},
volume={61},
number={1},
doi={10.1007/BF02684450},
title={{Rigorously Computed Orbits of Dynamical Systems without the Wrapping Effect}},
url={http://dx.doi.org/10.1007/BF02684450},
publisher={Springer-Verlag},
keywords={65G10; 39A10; 65L05; Dynamical systems; wrapping effect; zonotopes},
author={Kühn, W.},
pages={47-67},
language={English}
}





@incollection{ellipsoidal2000,
year={2000},
isbn={978-3-540-67259-3},
booktitle={Proceedings of HSCC},
volume={1790},
series={Lecture Notes in Computer Science},
doi={10.1007/3-540-46430-1_10},
title={{Verification of Hybrid Systems with Linear Differential Inclusions Using Ellipsoidal Approximations}},
url={http://dx.doi.org/10.1007/3-540-46430-1_10},
publisher={Springer Berlin Heidelberg},
keywords={hybrid systems; verification; reachability analysis; ellipsoidal approximations},
author={Botchkarev, Oleg and Tripakis, Stavros},
pages={73-88},
language={English}
}



@incollection{Asarin2000,
year={2000},
isbn={978-3-540-67259-3},
booktitle={Hybrid Systems: Computation and Control},
volume={1790},
series={Lecture Notes in Computer Science},
editor={Lynch, Nancy and Krogh, BruceH.},
doi={10.1007/3-540-46430-1_6},
title={Approximate Reachability Analysis of Piecewise-Linear Dynamical Systems},
url={http://dx.doi.org/10.1007/3-540-46430-1_6},
publisher={Springer Berlin Heidelberg},
author={Asarin, Eugene and Bournez, Olivier and Dang, Thao and Maler, Oded},
pages={20-31}
}


@article{Asarin2001d,
  title={{d/dt: A Tool For Reachability Analysis Of Continuous and Hybrid Systems}},
  author={Eugene Asarin and Thao Dang and Oded Maler},
  journal={Proceedings of NOLCOS},
  pages = {3--34},
  year={2001}
}

@article{bulei2013,
  title={混成系统形式化验证},
   author={{卜磊,解定宝}},
  journal={软件学报},
  volume={25},
  pages={219-233},
  year={2013}
}

@article{Yi2000153,
title = {{Stabilization Fuzzy Control of Inverted Pendulum Systems}},
journal = "Artificial Intelligence in Engineering",
volume = "14",
number = "2",
pages = "153--163",
year = "2000",
note = "",
issn = "0954-1810",
author = "J Yi and N Yubazaki"
}

@article{Phan2008871,
title = {{Direct Adaptive Fuzzy Control With a Self-Structuring Algorithm}},
journal = "Fuzzy Sets and Systems",
volume = "159",
number = "8",
pages = "871-899",
year = "2008",
issn = "0165-0114",
author = "Phi A. Phan and Timothy J. Gale"
}


@article{Chang20103632,
title = "{PID} controller design of nonlinear systems using an improved particle swarm optimization approach ",
journal = "Communications in Nonlinear Science and Numerical Simulation ",
volume = "15",
number = "11",
pages = "3632-3639",
year = "2010",
author = "Wei-Der Chang and Shun-Peng Shih"
}

@book{weihrauch2000computable,
  title= {{Computable Analysis: An Introduction}},
  author={Weihrauch, Klaus},
  year={2000},
  publisher={Springer}
}


@inproceedings{gao2013satisfiability,
  title={Satisfiability modulo odes},
  author={Gao, Sicun and Kong, Soonho and Clarke, Edmund M},
  booktitle={Formal Methods in Computer-Aided Design (FMCAD), 2013},
  pages={105--112},
  year={2013},
  organization={IEEE}
}

@inproceedings{gao2012delta,
  title={{Delta-Decidability Over the Reals}},
  author={Gao, Sicun and Avigad, Jeremy and Clarke, Edmund M},
  booktitle={Proceedings of LICS},
  pages={305--314},
  year={2012},
  organization={IEEE}
}


@TECHREPORT{BarST-RR-10,
  author =	 {Clark Barrett and Aaron Stump and Cesare Tinelli},
  title =	 {{The SMT-LIB Standard: Version 2.0}},
  institution =	 {Department of Computer Science, The University of Iowa},
  year =	 {2010},
  note =	 {Available at {\tt www.SMT-LIB.org}}
}

@book{aastrom2006advanced,
  title={{Advanced PID Control}},
  author={\r{A}str{\"o}m, Karl Johan and H{\"a}gglund, Tore},
  year={2006},
  publisher={ISA-The Instrumentation, Systems, and Automation Society, Research Triangle Park, NC 27709}
}

@ARTICLE{Nieuwenhuis06solvingsat,
    author = {Robert Nieuwenhuis and Albert Oliveras and Cesare Tinelli},
    title = {{Solving SAT and SAT Modulo Theories: From an Abstract Davis-Putnam-Logemann-Loveland Procedure to DPLL(T)}},
    journal = {Journal of the ACM},
    year = {2006},
    volume = {53},
	number = {6},
    pages = {937-977}
}

@article{realpaver2006,
author = {Laurent Granvilliers and Frédéric Benhamou},
title = {{Algorithm 852: RealPaver: An Interval Solver Using Constraint Satisfaction Techniques}},
journal = {ACM Transactions on Mathematical Software},
volume = {32},
number = {1},
year = {2006},
pages = {138--156},
issue = {1},
}

@incollection{opensmt2010,
year={2010},
booktitle={Proceedings of TACAS},
volume={6015},
series={Lecture Notes in Computer Science},
title={{The OpenSMT Solver}},
publisher={Springer Berlin Heidelberg},
author={Bruttomesso, Roberto and Pek, Edgar and Sharygina, Natasha and Tsitovich, Aliaksei},
pages={150-153},
}

@incollection{gao2013dreal,
  title={{dReal: An SMT solver for nonlinear theories over the reals}},
  author={Gao, Sicun and Kong, Soonho and Clarke, Edmund M.},
  booktitle={Proceedings of CADE},
  pages={208--214},
  year={2013},
  volume={7898},
  series={Lecture Notes in Computer Science},
  publisher={Springer Berlin Heidelberg}
}

@INCOLLECTION{ChaoChen96,
  author = {Zhou Chaochen and Wang Ji  and Anders P. Ravn.},
  title = {{A Formal Description of Hybrid systems}},
  booktitle = {Hybrid Systems III},
  publisher = {Springer-Verlag},
  year = {1996},
volume = {1066},
  series = {Lecture Notes in Computer Science},
  pages = {511-530}
}

@book{priemer1991introductory,
  title={{Introductory Signal Processing}},
  author={Priemer, Roland},
  year={1991},
  publisher={World Scientific}
}


@ARTICLE{raey,
  author = {Jifeng, He and Qiwen, Xu},
  title = {Advanced Features of Duration Calculus and Their Applications in
	Sequential Hybrid Programs},
  journal = {Formal Aspects of Computing},
  year = {2003},
  volume = {15},
  pages = {84-99},
  number = {1},
  publisher = {Springer-Verlag},
}

@article{RajeevAlur2003CharonTool,
  title={{Hierarchical Modeling and Analysis of Embedded Systems}},
  author={Rajeev Alur and Thao Dang and Joel Esposito and Yerang Hur and Franjo Ivancic and Vijay Kumar and Insup Lee and Pradyumna Mishra and George J. Pappas and Oleg Sokolsky},
  journal={Proceedings of the IEEE},
  volume={91},
  number={1},
  pages={11-28},
  year={2003}
}

@INPROCEEDINGS{Taylor96modelingand,
    author = {James H. Taylor and Dawit Kebede},
    title = {Modeling and Simulation Of Hybrid Systems In Matlab},
    booktitle = {PROC. IFAC WORLD CONGRESS},
    year = {1996},
    pages = {275--280},
    publisher = {}
}

@inproceedings{Sanfelice2013,
 author = {Sanfelice, Ricardo and Copp, David and Nanez, Pablo},
 title = {{A Toolbox for Simulation of Hybrid Systems in Matlab/Simulink: Hybrid Equations (HyEQ) Toolbox}},
 booktitle = {Proceedings of HSCC},
 year = {2013},
 location = {Philadelphia, Pennsylvania, USA},
 pages = {101-106},
 numpages = {6},
 publisher = {ACM},
 address = {New York, NY, USA},
} 

@incollection{jifengHybridRelation,
author={He Jifeng},
title= {{Hybrid Relation Calculus}}, 
booktitle={Proceedings of ICECCS},
pages={2},
year={2013},
publisher={IEEE}
}

@incollection{jifengClock,
year={2013},
booktitle={Proceedings of ICTAC},
volume={8049},
series={Lecture Notes in Computer Science},
title={{A Clock-Based Framework for Construction of Hybrid Systems}},
publisher={Springer Berlin Heidelberg},
author={Jifeng, He},
pages={22-41},
}


@article{HybridActionSystems,
  title={{Hybrid Action Systems}},
  author={Mauno Rönkkö and Anders P. Ravn and Kaisa Sere},
  journal={Theoretical Computer Science},
  volume={290},
  number={1},
  pages={937--973},
  year={2003}
}

@book{Platzer2010,
 author = {André Platzer},
 title = {Logical Analysis of Hybrid Systems: Proving Theorems for Complex Dynamics},
 year = {2010},
 publisher = {Springer-Verlag},
} 

@inproceedings{David1997Modeling,
  title={Modeling of Hybrid Systems Using Continuous and Hybrid Petri Nets},
  author={Ren{\'e} David},
  booktitle={Proceedings of the Seventh International Workshop on Petri Nets and Performance Models},
  pages={47--58},
  publisher ={IEEE},
  year={1997}
}

@INPROCEEDINGS{Alur00modularspecifications,
    author = {Rajeev Alur and Radu Grosu and Yerang Hur and Vijay Kumar and Insup Lee},
    title = {{Modular Specifications of Hybrid systems in CHARON}},
    booktitle = {Hybrid Systems: Computation and Control},
    year = {2000},
    pages = {6--19},
    volume={1790},
    series={Lecture Notes in Computer Science},
    publisher={Springer-Verlag}
}

@phdthesis{Mosterman97hybriddynamic,
author = {Pieter J. Mosterman},
title = {{Hybrid Dynamic Systems: A Hybrid Bond Graph Modeling Paradigm and its Application in Diagnosis}},
year = {1997},
school = {Vanderbilt University},    
}



@book{bondgraph,
author = {Henry A. Paynter},
title = {Analysis and Design of Engineering Systems},
year = {1960},
publisher={The MIT Press}
}


@misc{modelica,
author = {{Modelica Association}},
title = {{Modelica}},
note ={\url{https://modelica.org}},
year = 2013
}

@incollection{Nikoukhah2007,
author={R. Nikoukhah},
title={{Hybrid Dynamics in Modelica: Should all Events be Considered Synchronous?}},
booktitle={First International Workshop on Equation-Based Object
Oriented Languages and Tools (EOOLT 2007), Berlin, Germany},
year={2007},
pages={37--48},
publisher={Berlin, Germany}
}



@article{Benveniste2012877,
title = "Non-standard semantics of hybrid systems modelers ",
journal = "Journal of Computer and System Sciences ",
volume = "78",
number = "3",
pages = "877-910",
year = "2012",
author = "Albert Benveniste and Timothy Bourke and Benoît Caillaud and Marc Pouzet",
}

@misc{simulink,
author = {{MathWorks}},
title = {{Simulink}},
note ={\url{http://www.mathworks.com/products/simulink/}},
year = {2013}
}

@misc{stateflow,
author = {{MathWorks}},
title = {{Stateflow}},
note ={\url{http://www.mathworks.com/products/stateflow/}},
year = 2013
}

@incollection{Jifenghcsp,
 author = {Jifeng, He},
 title = {{From CSP to Hybrid Systems}},
 booktitle = {A Classical Mind},
 year = {1994},
 pages = {171--189},
 numpages = {19},
 publisher = {Prentice Hall},
 address = {Hertfordshire, UK},
} 

@book{BaetenACP,
 author = {Baeten, J. C. M. and Weijland, W. P.},
 title = {Process Algebra},
 year = {1990},
 isbn = {0-521-40043-0},
 publisher = {Cambridge University Press},
 address = {New York, NY, USA},
} 


@article{Cuijpers2005Hybrid,
  title={{Hybrid Process Algebra}},
  author={P. J. L. Cuijpers and M. A. Reniers},
  journal={The Journal of Logic and Algebraic Programming},
  volume={62},
  number={2},
  pages={191--245},
  year={2005}
}

@article{Lynch2003Hybrid,
  title={{Hybrid I/O Automata}},
  author={Nancy Lynch and Roberto Segala and Frits Vaandrager},
  journal={Information and Computation},
  volume={185},
  number={1},
  pages={105--157},
  year={2003}
}

@article{Maler1992From,
  title={{From Timed to Hybrid Systems}},
  author={Oded Maler and Zohar Manna and Amir Pnueli},
  journal={Lecture Notes in Computer Science},
  volume={600},
  number={12},
  pages={447-484},
  year={1992}
}

@ARTICLE{WoodcockLBF09,
  AUTHOR = {Jim~Woodcock and Peter~Gorm~Larsen and Juan~Bicarregui and John~S.~Fitzgerald},
  TITLE = {Formal methods: Practice and experience},
  JOURNAL = {ACM Computing Surveys},
  VOLUME = {41},
  NUMBER = {4},
  Pages  = {1--36},
  YEAR = {2009},
  EE = {http://doi.acm.org/10.1145/1592434.1592436}
}

@inproceedings{LeLann1997,
 author = {G{\'e}rard Le Lann},
 title = {{An Analysis of the Ariane 5 Flight 501 Failure - A System Engineering Perspective}},
 booktitle = {Proceedings of ECBS},
 year = {1997},
 isbn = {0-8186-7889-5},
 location = {Monterey, California},
 pages = {339--346},
 numpages = {8},
 publisher = {IEEE}
} 


@article{Pnc1967New,
  title={{New methods of celestial mechanics. Vol. II: Methods of Newcomb, Gyldén, Lindstedt, and Bohlin.}},
  author={Poincaré, H.},
  journal={Translated from the French. National Aeronautics and Space Administration, Washington, D.C.},
  year={1967}
}

@article{Holmes1990137,
title = "Poincaré, celestial mechanics, dynamical-systems theory and “chaos”",
journal = "Physics Reports ",
volume = "193",
number = "3",
pages = "137-163",
year = "1990",
author = "Philip Holmes"
}

@inproceedings{2008Cyber,
  title={{Cyber Physical Systems: Design Challenges}},
  author={Lee, Edward A.},
  booktitle={Proceedings of ISORC},
  pages={363-369},
  year={2008}
}

@article{lzp2011cps,
  title={{信息物理融合系统(CPS)研究综述}},
  author={{黎作鹏,张天驰,张菁}},
  journal={计算机科学   ISTIC PKU},
  volume={38},
  pages={25-31},
  year={2011}
}



@article{harel1996statemate,
  title={{The STATEMATE Semantics of Statecharts}},
  author={Harel, David and Naamad, Amnon},
  journal={ACM Transactions on Software Engineering and Methodology},
  volume={5},
  number={4},
  pages={293--333},
  year={1996},
  publisher={ACM}
}


@book{jacky1996way,
  title={{The Way of Z: Practical Programming with Formal Methods}},
  author={Jacky, Jonathan},
  year={1996},
  publisher={Cambridge University Press}
}

@misc{hjj,
author = {Hyun-Jeong Jo and Jong-Gyu Hwang and Yong-Ki Yoon},
title = {{Development of Formal Method Application for Ensuring Safety in Train Control System}},
publisher={Train Control Research Team, Korea Railroad Research Institute},
year = {2008},
note = {\url{http://www.railway-research.org/IMG/pdf/o.3.4.2.3.pdf}},
}

@inproceedings{bloem2010ratsy,
  title={{RATSY--A New Requirements Analysis Tool with Synthesis}},
  author={Bloem, Roderick and Cimatti, Alessandro and Greimel, Karin and Hofferek, Georg and K{\"o}nighofer, Robert and Roveri, Marco and Schuppan, Viktor and Seeber, Richard},
  booktitle={Proceedings of CAV},
  pages={425--429},
  year={2010},
  organization={Springer-Verlag}
}


@misc{psl2003,
author = {Accellera},
title = {Property Specification Language Reference  Manual, Version 1.1},
note={\url{http://www.eda.org} },
year = {2004},
}

@article{zhao2013property,
  title= {{Property Based Requirements Analysis for Train Control System}},
  author={Zhao, Lin and Tang, Tao and Cheng, Ruijun and He, Liyun},
  journal={Journal of Computer Information Systems},
  volume={9},
  number={3},
  pages={915--922},
  year={2013}
}

@misc{fds,
author = {{National Institute of Standards and Technology (NIST)}},
title = {{Fire Dynamics Simulator and Smokeview  Code}},
note ={\url{http://code.google.com/p/fds-smv/}}
}

@article{Roh2009447,
title = {{CFD Simulation and Assessment of Life Safety in a Subway Train Fire}},
journal = "Tunnelling and Underground Space Technology",
volume = "24",
number = "4",
pages = "447-453",
year = "2009",
note = "",
issn = "0886-7798",
author = "Jae Seong Roh and Hong Sun Ryou and Won Hee Park and Yong Jun Jang",
keywords = "Platform screen door (PSD)",
keywords = "Ventilation",
keywords = "Subway train fire",
keywords = "Life safety"
}

@incollection{marrone2012improving,
  title={{Improving Verification Process in Driverless Metro Systems: The MBAT Project}},
  author={Marrone, S. and Nardone, R. and Orazzo, A. and Petrone, I. and Velardi, L.},
  booktitle={Proceedings of ISoLA},
  volume={7610},
  series={Lecture Notes in Computer Science},
  pages={231--245},
  year={2012},
  publisher={Springer-Verlag}
}

@misc{mbat,
author = {{MBAT Consortium}},
title = {{ARTEMIS Project MBAT}},
note ={\url{http://www.mbat-artemis.eu}},
year = 2013
}

@article{Ferrari2012,
title = {{The Metr\^{o} Rio Case Study}},
journal = "Science of Computer Programming",
volume = "78",
number = "7",
pages = "828--842",
year = "2013",
author = "Alessio Ferrari and Alessandro Fantechi and Gianluca Magnani and Daniele Grasso and Matteo Tempestini"
}

@article{Qu20121,
title = {{Platform Screen Doors on Emergency Evacuation in Underground Railway Stations}},
journal = "Tunnelling and Underground Space Technology",
volume = "30",
number = "4",
pages = "1-9",
year = "2012",
author = "L. Qu and W.K. Chow",
}

@book{kamen1999industrial,
  title={Industrial Controls and Manufacturing},
  author={Kamen, E.W.},
  isbn={9780080508627},
  year={1999},
  publisher={Elsevier Science},
}

@incollection{icfem2012,
  author    = { Wen Su and
                J.-R. Abrial  and
                Huibiao Zhu},
  title     = {{Complementary Methodologies for Developing Hybrid Systems
                 with Event-B}},
  booktitle = {Proceedings of ICFEM},
  publisher = {Springer-Verlag},
  series    = {Lecture Notes in Computer Science},
  volume    = {7635},
  pages		= {230--248},
  year      = {2012},
  isbn      = {978-3-642-34280-6}
}

@book{abrial2010modeling,
  title={{Modeling in Event-B: System and Software Engineering}},
  author={Jean-Raymond Abrial},
  year={2010},
  publisher={Cambridge University Press, Cambridge}
}


@incollection{Alpuente15Years2009,
year={2009},
isbn={978-3-642-04569-1},
booktitle={Proceedings of FMICS},
volume={5825},
series={Lecture Notes in Computer Science},
title={{Applying A Formal Method in Industry: A 15-Year Trajectory}},
publisher={Springer-Verlag},
keywords={B formal method; deployment; industry},
author={Lecomte, Thierry},
pages={26-34}
}

@book{abrial2005b,
  title={{The B-book: Assigning programs to meanings}},
  author={Jean-Raymond Abrial},
  year={2005},
  isbn={0-521-02175-8},
  publisher={Cambridge University Press, Cambridge}
}

@incollection{abrial1991b,
year={1991},
isbn={978-3-540-54868-3},
booktitle={Proceedings of VDM},
volume={552},
series={Lecture Notes in Computer Science},
title={{The B-method}},
publisher={Springer-Verlag},
author={ J.-R. Abrial  and  M.K.O. Lee and  D.S. Neilson and P.N. Scharbach and I.H. Sørensen},
pages={398-405}
}

@misc{COPPILOT,
author = {ClearSy},
title = {{COPPILOT System}},
note = {\url{http://www.coppilot.fr/en/coppilot/}},
year = 2013,
}
@misc{toolsClearSy,
author = {ClearSy},
title = {Tools and Applications at {ClearSy}},
note = {\url{http://www.tools.clearsy.com}},
year = 2013
}


@misc{ClearSy,
author = {ClearSy},
title = {{ClearSy--A French SME company}},
note  ={\url{http://www.clearsy.com/?lang=en}},
year  = 2013,
}

@incollection{LT2008FM,
year={2008},
isbn={978-3-540-68235-6},
booktitle={Proceedings of FM},
volume={5014},
series={Lecture Notes in Computer Science},
title={{Safe and Reliable Metro Platform Screen Doors Control/Command Systems}},
publisher={Springer-Verlag},
author={Lecomte, Thierry},
pages={430-434}
}

@MISC{granlundgnu,
  author = {T. Granlund and K. Ryde},
  title = {{The GNU Multiple Precision Arithmetic Library Version 4.0}},
  year = {2001},
  owner = {fanghuixing},
  timestamp = {2011.10.18}
}

@book{bonnett2005practical,
  title={{Practical Railway Engineering}},
  author={Clifford F. Bonnett},
  year={2005},
  publisher={Imperial College Press}
}


@article{LynchV96,
  author    = {Nancy A. Lynch and
               Frits W. Vaandrager},
  title     = {{Forward and Backward Simulations, II: Timing-Based Systems}},
  journal   = {Information and Computation},
  volume    = {128},
  number    = {1},
  year      = {1996},
  pages     = {1-25},
}

@incollection{doyen2005automatic,
  author = {Laurent Doyen and Thomas A. Henzinger and Jean-François Raskin},
  title = {{Automatic Rectangular Refinement of Affine Hybrid Systems}},
  booktitle = {Proceedings of FORMATS},
  series = {Lecture Notes in Computer Science},
  pages = {144-161},
  volume = {3829},
  year = {2005},
  publisher = {Springer-Verlag}
}


@phdthesis{GoranPhd,
author = {Goran Frehse},
title = {{Compositional Verification of Hybrid Systems using Simulation Relation}},
school = {Radboud University Nijmegen},
year = {2005}
}




@incollection{FrehseLGDCRLRGDM11,
  author = {Goran Frehse and Colas Le Guernic and Alexandre Donzé and Scott Cotton and Rajarshi Ray and Olivier Lebeltel and Rodolfo Ripado and Antoine Girard and Thao Dang and Oded Maler},
  title = {{SpaceEx: Scalable Verification of Hybrid Systems}},
  booktitle = {Proceedings of CAV},
  pages = {379-395},
  volume = {6806},
  year = {2011},
  series = {Lecture Notes in Computer Science},
  publisher = {Springer-Verlag}
}

@incollection{bagnara2002possibly,
  author = {Roberto Bagnara and Elisa Ricci and Enea Zaffanella and Patricia M. Hill},
  title = {{Possibly Not Closed Convex Polyhedra and the Parma Polyhedra Library}},
  booktitle  = {Proceedings of SAS},
  series = {Lecture Notes in Computer Science},
  pages = {299-315},
  volume = {2477},
  year = {2002},
  publisher = {Springer-Verlag}
}


@incollection{frehse2005phaver,
  author = {Frehse, Goran},
  title = {{PHAVer: Algorithmic Verification of Hybrid Systems Past HyTech}},
  booktitle = {Proceedings of HSCC},
  series = {Lecture Notes in Computer Science},
  year = {2005},
  pages = {258--273},
  volume = {3414},
  publisher = {Springer-Verlag}
}

@article{phaver2008sttt,
year={2008},
issn={1433-2779},
journal={International Journal on Software Tools for Technology Transfer},
volume={10},
number={3},
title={{PHAVer: Algorithmic Verification of Hybrid Systems Past HyTech}},
publisher={Springer-Verlag},
author={Frehse, Goran},
pages={263-279}
}

@incollection{henzinger1996using,
  title={{Using HyTech to Synthesize Control Parameters for A Steam Boiler}},
  author={Thomas A. Henzinger and Howard Wong-Toi},
  booktitle={Formal Methods for Industrial Applications},
  pages={265--282},
  volume={1165},
  series={Lecture Notes in Computer Science},
  year={1996},
  publisher={Springer-Verlag}
}

@article{henzinger1997hytech,
  title={{HyTech: A Model Checker for Hybrid Systems}},
  author={Thomas A. Henzinger  and Pei-Hsin Ho and Howard Wong-Toi},
  journal={International Journal on Software Tools for Technology Transfer},
  volume={1},
  number={1-2},
  pages={110--122},
  year={1997},
  publisher={Springer-Verlag}
}

@incollection {NOSY93,
   author = {X. Nicollin and A. Olivero and J. Sifakis and S. Yovine},
   title = {{An Approach to the Description and Analysis of Hybrid Systems}},
   booktitle = {Proceedings of Hybrid Systems},
   series = {Lecture Notes in Computer Science},
   publisher = {Springer-Verlag},
   pages = {149-178},
   volume = {736},
   year = {1993}
}

@ARTICLE{alur1996automatic,
  author = {Rajeev Alur and Thomas A. Henzinger and Pei-Hsin Ho},
  title = {{Automatic Symbolic Verification of Embedded Systems}},
  journal = {IEEE Transactions on Software Engineering},
  year = {1996},
  month= {March},
  volume = {22},
  pages = {181--201},
  number = {3},
  publisher = {IEEE},
  timestamp = {2011.07.12}
}

@article{le2010reachability,
  title={{Reachability Analysis of Linear Systems Using Support Functions}},
  author={Colas Le Guernic and Antoine Girard},
  journal={Nonlinear Analysis: Hybrid Systems},
  volume={4},
  number={2},
  pages={250--262},
  year={2010},
  publisher={Elsevier}
}

@incollection{KurzhanskiV00,
  author    = {Alexander B. Kurzhanski and Pravin Varaiya},
  title     = {{Ellipsoidal Techniques for Reachability Analysis}},
  booktitle = {Proceedings of HSCC},
  series    = {Lecture Notes in Computer Science},
  pages     = {202-214},
  volume    = {1790},
  publisher = {Springer-Verlag},
  year      = {2000}
}

@incollection{halbwachs1994verification,
  author = {Halbwachs, N. and Proy, Y. and Raymond, P.},
  title = {{Verification of Linear Hybrid Systems By Means of Convex Approximations}},
  booktitle = {Proceedings of SAS},
  series = {Lecture Notes in Computer Science},
  year = {1994},
  pages = {223--237},
  publisher = {Springer-Verlag},
  volume={864}
}

@incollection{girard2008zonotope,
  title={Zonotope/hyperplane intersection for hybrid systems reachability analysis},
  author={Girard, A. and Le Guernic, C.},
  booktitle={Proceedings of HSCC},
  series = {Lecture Notes in Computer Science},
  pages={215--228},
  volume = {4981},
  year={2008},
  publisher={Springer-Verlag}
}

@incollection {eugeneredundant2010,
author = {Asarin, Eugene and Dang, Thao and Maler, Oded and Testylier, Romain},
title = {{Using Redundant Constraints for Refinement}},
booktitle = {Proceedings of ATVA},
series = {Lecture Notes in Computer Science},
publisher = {Springer-Verlag},
pages = {37-51},
volume = {6252},
year = {2010}
}

@incollection{asarin2000approximate,
  title={Approximate Reachability Analysis of Piecewise-Linear Dynamical Systems},
  author={Eugene Asarin and Olivier Bournez and Thao Dang and Oded Maler},
  booktitle={Proceedings of HSCC},
  series = {Lecture Notes in Computer Science},
  pages = {20-31},
  volume = {1790},
  year={2000},
  publisher={Springer-Verlag}
}

@article{FangSTTT2014,
	year={2014},
	issn={1433-2779},
	journal={International Journal on Software Tools for Technology Transfer},
	volume={16},
	number={4},
	title={Formal verification and simulation for platform screen doors and collision avoidance in subway control systems},
	publisher={Springer Berlin Heidelberg},
	author={Fang, Huixing and Shi, Jianqi and Zhu, Huibiao and Guo, Jian and Larsen, Kim Guldstrand and David, Alexandre},
	pages={339-361}
}


@ARTICLE{bhr1,
  author =       {S. D. Brookes and C. A. R. Hoare and A. W. Roscoe},
  title =        {A Theory of Communicating Sequential Processes},
  journal =      {Journal of ACM},
  year =         {1984},
  volume =       {31},
  number =       {7},
  pages =        {560-599},
}

@BOOK{hoa1,
  author =       {C. A. R. Hoare},
  title =        {Communicating Sequential Processes},
  publisher =    {Prentice Hall International Series in Computer Science},
  year =         {1985}
}

@BOOK{UTP,
  author =       {C. A. R. Hoare and He Jifeng},
  title =        {Unifying Theories of Programming},
  publisher =    {Prentice Hall},
  year =         {1998},
 }

@BOOK{milner1,
  author =       {Robin Milner},
  title =        {Communication and Concurrency},
  publisher =    {Prentice Hall International Series in Computer Science},
  year =         {1990},
  }

@ARTICLE{reedros,
  author =       {G. M. Reed and A. W. Roscoe},
  title =        {The Timed Failures/Stability model for {CSP}},
  journal =      {Theoretical Computer Science},
  year =         {1999},
  volume =       {211},
  pages =        {85-127},
}

@BOOK{ros002,
  author =       {A. W. Roscoe},
  title =        {The Theory and Practice of Concurrency},
  publisher =    {Prentice Hall International Series in Computer Science},
  year =         {1997}
}

@ARTICLE{sch01,
  AUTHOR =       "Steve Schneider",
  TITLE =        "An Operational Semantics for Timed {CSP}",
  JOURNAL =      "Information and Computation",
  YEAR =         "1995",
  volume =       "116",
  number =       "2",
  pages =        "193-213",
  month =        "February"
}

@INPROCEEDINGS{wc01,
    AUTHOR      = {J.\ C.\ P.\ Woodcock and A.\ L.\ C.\ Cavalcanti},
    TITLE       = {The Steam Boiler in Unified Theory of {Z} and {CSP}},
    BOOKTITLE   = { \ APSEC 2001: 8th Asia-Pacific Software
    Engineering Conference},
    publisher = {IEEE Computer Society Press},
    pages = {291-298},
    location = {Macau SAR, China},
    MONTH       = {December},
    YEAR        = {2001}
}

@BOOK{akcm03,
  AUTHOR =       "Gustavo Alonso and Harumi Kuno and Fabio Casati and Vijay Machiraju",
  TITLE =        "Web Services: Concepts, Architectures and Applications",
  PUBLISHER =    "Springer",
  YEAR =         "2003",
}

@article{BhargavanFG05,
  author    = {Karthikeyan Bhargavan and
               C{\'e}dric Fournet and
               Andrew D. Gordon},
  title     = {A Semantics for Web Services Authentication},
  journal   = {Theoretical Computer Science},
  volume    = {340},
  number    = {1},
  year      = {2005},
  pages     = {102-153},
}

@inproceedings{BruniFMMST05,
  author    = {Roberto Bruni and
               Gian Luigi Ferrari and
               Hern{\'a}n C. Melgratti and
               Ugo Montanari and
               Daniele Strollo and
               Emilio Tuosto},
  title     = {From Theory to Practice in Transactional Composition of
               Web Services.},
  booktitle = {  EPEW/WS-FM 2005: European Performance Engineering Workshop and
               International Workshop on Web Services and Formal Methods\emph{,
               Versailles, France, September 1-3, 2005}},
  pages     = {272-286},
  publisher = {Springer-Verlag},
  series    = {Lecture Notes in Computer Science},
  volume    = {3670},
  year      = {2005},
}

@inproceedings{GilmoreHKM05,
  author    = {Stephen Gilmore and
               Valentin Haenel and
               Le\"{\i}la Kloul and
               Monika Maidl},
  title     = {Choreographing Security and Performance Analysis for Web
               Services},
  booktitle = {  EPEW/WS-FM 2005: European Performance Engineering Workshop and
               International Workshop on Web Services and Formal Methods\emph{,
               Versailles, France, September 1-3, 2005}},
  pages     = {200-214},
  publisher = {Springer-Verlag},
  series    = {Lecture Notes in Computer Science},
  volume    = {3670},
  year      = {2005},
}

@article{GordonP05,
  author    = {Andrew D. Gordon and
               Riccardo Pucella},
  title     = {Validating a Web Service Security Abstraction by Typing},
  journal   = {Formal Aspects of Computing},
  volume    = {17},
  number    = {3},
  year      = {2005},
  pages     = {277-318},
}

@article{JohnsonLLV04,
  author    = {James E. Johnson and
               David E. Langworthy and
               Leslie Lamport and
               Friedrich H. Vogt},
  title     = {Formal Specification of a Web Services Protocol.},
  journal   = {Electr. Notes Theor. Comput. Sci.},
  volume    = {105},
  year      = {2004},
  pages     = {147-158},
}

@article{PistoreRB04,
  author    = {Marco Pistore and
               Marco Roveri and
               Paolo Busetta},
  title     = {Requirements-Driven Verification of Web Services.},
  journal   = {Electr. Notes Theor. Comput. Sci.},
  volume    = {105},
  year      = {2004},
  pages     = {95-108},
}

@BOOK{xlang,
  AUTHOR =       "Satish Thatte",
  TITLE =        "XLANG: Web Service for Business Process Design",
  PUBLISHER =    "{Microsoft}",
  YEAR =         "2001",
  note =         "http://www.gotdotnet.com/team/xml$\_$wsspecs/xlang-c/default.html",
}

@inproceedings{TCsp1,
    author    ={Simeon Veloudis and Nimal Nissanke},
    title     ={Modelling Coordinated Atomic Actions in Timed {CSP}},
    booktitle ={Formal Techniques in Real-Time and Fault-Tolerant Systems: 6th International Symposium,
                FTRTFT 2000, Pune, India, September 2000. Proceedings},
    pages     = {228-239},
    publisher = {Springer-Verlag},
    series    = {Lecture Notes in Computer Science},
    volume    = {1926},
    year      = {2000},
}

@book{NetS1,
    author={William Stallings},
    title={Cryptography and Network Security Principles and Practices, Fourth Edition},
    publisher={Prentice Hall},
    year={2006},
}



@MANUAL{B/S1,
  TITLE =        {Browser Server Technology},
  author =       {Browsersoft},
  note =         {\\http://www.browsersoft.com/browser-server.shtml},

}

@BOOK{PKI1,
  AUTHOR =       {Carlisle Adams and Steve Lloyd},
  TITLE =        {Understanding PKI: Concepts, Standards, and Deployment Considerations, Second Edition},
  PUBLISHER =    {Addison-Wesley},
  YEAR =         {2002},
}


@article{Ros1,
  author    = {Lee Momtahan and
               Andrew Martin and
               A. W. Roscoe},
  title     = {A Taxonomy of Web Services Using {CSP}.},
  journal   = {Electr. Notes Theor. Comput. Sci.},
  volume    = {151},
  number    = {2},
  year      = {2006},
  pages     = {71-87},
  }



@inproceedings{Ros2,
  author    = {A. W. Roscoe and Z. Wu
               },
  title     = {Verifying Statemate Statecharts Using {CSP} and {FDR}},
  booktitle = {  ICFEM 2006: 8th International Conference on Formal Engineering Methods\emph{,
               Macau, China, 29 October-3 November, 2006}},
  pages     = {324-341},
  publisher = {Springer-Verlag},
  series    = {Lecture Notes in Computer Science},
  volume    = {4260},
  year      = {2006},
}




@inproceedings{Sch1,
    author    ={S. A. Schneider and R. Delicata},
    title     ={Verifying Security Protocols: an Application of {CSP}},
    booktitle ={CSP 25: Symposium on the Occasion of 25 Years of CSP\emph{, London, UK,
               July 7-8, 2004}},
    pages = {243-263},
    publisher = {Springer-Verlag},
    series    = {Lecture Notes in Computer Science},
    volume    = {3525},
    year      = {2005},
}

@article{Sch2,
    author    ={W. L. Yeung and S. A. Schneider},
    title     ={Formal Verification of Fault-Tolerant Software Design: the {CSP} Approach},
    journal   ={Microprocessors and Microsystems},
    volume    ={29},
    number    ={5},
    pages     ={197-209},
    year      = {2005},

}



@article{ACID1,
  author    = {Mark C. Little and
               Santosh K. Shrivastava and
               Steve J. Caughey and
               David B. Ingham},
  title     = {Constructing Reliable Web Applications Using Atomic Actions.},
  journal   = {Computer Networks},
  volume    = {29},
  number    = {8-13},
  year      = {1997},
  pages     = {1281-1290},
}


@INBOOK{ACID2,
  AUTHOR =       {Richard Monson-Haefel and Bill Burke and Sacha Labourey},
  TITLE =        {Enterprise JavaBeans, Fourth Edition},
  CHAPTER =      {ACID Transactions},
  PUBLISHER =    {O'Reilly},
  YEAR =         {2004},

}


@MANUAL{MSDN1,
  TITLE =        {{ACID} Properties(COM+)},
  author =       {Microsoft},
  note =         {\\http://msdn2.microsoft.com/en-us/library/ms683579.aspx},
}

@BOOK{Schbook,
  AUTHOR =       {P. Y. A. Ryan and S. A. Schneider and M. Goldsmith and G. Lowe and A. W. Roscoe},
  TITLE =        {Modelling and Analysis of Security Protocols},
  PUBLISHER =    {Addison-Wesley},
  YEAR =         {2000},
}

%paper 2
@article{facep/s,
  author    = {Patrick Th. Eugster and Pascal A. Felber and Rachid Guerraoui and Anne-Marie Kermarrec},
  title     = {The many faces of publish/subscribe},
  journal   = {ACM Computing Surveys},
  volume    = {35},
  number    = {2},
  year      = {2003},
  issn      = {0360-0300},
  pages     = {114--131},
  publisher = {ACM Press},
  address   = {New York, NY, USA},
}


@inproceedings{966622,
 author = {Andr\&\#225;s Belokosztolszki and David M. Eyers and Peter R. Pietzuch and Jean Bacon and Ken Moody},
 title = {Role-based access control for publish/subscribe middleware architectures},
 booktitle = {  of DEBS '03: Proceedings of the 2nd international workshop on Distributed event-based systems},
 year = {2003},
 isbn = {1-58113-843-1},
 pages = {1--8},
 location = {San Diego, California},
 doi = {http://doi.acm.org/10.1145/966618.966622},
 publisher = {ACM Press},
 address = {New York, NY, USA},
 }


@inproceedings{fiege04security,
  author = {L. Fiege and A. Zeidler and A. Buchmann and R. Kilian-Kehr and G. M¨¹hl},
  title = {Security Aspects in Publish/Subscribe Systems},
  booktitle = {  of DEBS '04 : the Third International Workshop on Distributed Event-Based Systems},
  year = {2004},
  }



@article{10.1109/ICPP.2006.16,
author = {Jinling Wang and Jiannong Cao and Jing Li and Jie Wu},
title = {Achieving Bounded Delay on Message Delivery in Publish/Subscribe Systems},
booktitle = {  of ICPP '06 : International Conference on Parallel Processing},
volume = {0},
year = {2006},
issn = {0190-3918},
pages = {407--416},
publisher = {IEEE Computer Society},
address = {Los Alamitos, CA, USA},
}

@article{10.1109/ICPP.2005.41,
author = {Yingwu Zhu and Yiming Hu},
title = {Ferry: An Architecture for Content-Based Publish/Subscribe Services on P2P Networks},
booktitle = {  of ICPP '05 : International Conference on Parallel Processing},
volume = {00},
year = {2005},
issn = {0190-3918},
pages = {427--434},
publisher = {IEEE Computer Society},
address = {Los Alamitos, CA, USA},
}



@article{1110694,
 author = {Ludger Fiege and Mariano Cilia and Gero Muhl and Alejandro Buchmann},
 title = {Publish-Subscribe Grows Up: Support for Management, Visibility Control, and Heterogeneity},
 journal = {IEEE Internet Computing},
 volume = {10},
 number = {1},
 year = {2006},
 issn = {1089-7801},
 pages = {48--55},
 doi = {http://dx.doi.org/10.1109/MIC.2006.17},
 publisher = {IEEE Educational Activities Department},
 address = {Piscataway, NJ, USA},
 }


@inproceedings{1156671,
 author = {Zbigniew Jerzak and Christof Fetzer},
 title = {Handling Overload in Publish/Subscribe Systems},
 booktitle = {  of ICDCSW '06: 26th IEEE International Conference Workshops on Distributed Computing Systems},
 year = {2006},
 isbn = {0-7695-2541-5},
 pages = {32},
 doi = {http://dx.doi.org/10.1109/ICDCSW.2006.59},
 publisher = {IEEE Computer Society},
 address = {Washington, DC, USA},
 }

@inproceedings{1515891,
 author = {Bacon,, Jean and Eyers,, David and Moody,, Ken and Pesonen,, Lauri},
 title = {Securing publish/subscribe for multi-domain systems},
 booktitle = {Middleware '05: Proceedings of the ACM/IFIP/USENIX 2005 International Conference on Middleware},
 year = {2005},
 pages = {1--20},
 location = {Grenoble, France},
 publisher = {Springer-Verlag New York, Inc.},
 address = {New York, NY, USA},
 }


@inproceedings{1030052,
 author = {Einar Broch Johnsen and Olaf Owe},
 title = {An Asynchronous Communication Model for Distributed Concurrent Objects},
 booktitle = {  of SEFM '04: Software Engineering and Formal Methods},
 year = {2004},
 isbn = {0-7695-2222-X},
 pages = {188--197},
 doi = {http://dx.doi.org/10.1109/SEFM.2004.6},
 publisher = {IEEE Computer Society},
 address = {Washington, DC, USA},
 }

@BOOK{msgbrokerBook1,
  AUTHOR =       {Gregor Hohpe and Bobby Woolf},
  TITLE =        {Enterprise Integration Patterns},
  PUBLISHER =    {Addison-Wesley},
  YEAR =         {2003},
}

@BOOK{msgbrokerBook2,
  AUTHOR =       {Martin Fowler},
  TITLE =        {Patterns of Enterprise Application Architecture},
  PUBLISHER =    {Addison-Wesley},
  YEAR =         {2002},
}

@BOOK{MBproduct1,
  AUTHOR =       {Saida Davies and Laura Cowen and Cerys Giddings and Hannah Parker},
  TITLE =        {WebSphere Message Broker Basics},
  PUBLISHER =    {IBM International Technical Support Organization},
  YEAR =         {2005},
}


@MANUAL{MBproduct2,
  TITLE =        {Microsoft Biztalk Server 2006},
  organization = {Microsoft Cooperation},
  note =         {\\http://www.microsoft.com/technet/prodtechnol/biztalk/2006/default.mspx},
}

@book{pi,
    author = {Robin Milner},
    title = {Communicating and Mobile Systems: the {$\pi$}-Calculus},
    publisher ={Cambridge University Press},
    year = {1999},
}

@InProceedings{MWB,
  author =   {Bj{\"o}rn Victor and Faron Moller},
  title =    {The Mobility Workbench --- A Tool for the $\pi$-Calculus},
  editor =   {David Dill},
  volume =   {818},
  series =   {Lecture Notes in Computer Science},
  pages =    {428--440},
  booktitle =    {  of CAV '94 : Computer Aided Verification},
  year =     {1994},
  publisher =    {Springer-Verlag},
}

@inproceedings{piextends1,
 author = {David Walker},
 title = {Pi-Calculus Semantics of Object-Oriented Programming Languages},
 booktitle = {  of TACS '91 : International Conference on Theoretical Aspects of Computer Software},
 year = {1991},
 isbn = {3-540-54415-1},
 pages = {532--547},
 publisher = {Springer-Verlag},
 address = {London, UK},
 }

@article{piUse1,
    author       = {Fredrik Orava and Joachim Parrow},
    title        = {An Algebraic Verification of a Mobile Network},
    journal      = {Journal of Formal Aspects of Computing},
    year         = {1992},
    volume       = {4},
    pages        = {497--543},
    url          = {http://www.it.kth.se/~joachim/handover.ps.gz},
    }

@InProceedings{piUse2,
    author       = {Corrado Priami},
    title        = {Stochastic Analysis of Mobile Telephony Networks},
    booktitle    = {  of PAPM '97 : 5th Int. Workshop on Process Algebra and Performance Modeling},
    editor       = {Ed Brinskma and Albert Nymeyer},
    pages        = {145--171},
    year         = {1997},
}



@inproceedings{704683,
 author = {Oltea Mihaela Herescu and Catuscia Palamidessi},
 title = {Probabilistic Asynchronous pi-Calculus},
 booktitle = {  FOSSACS '2000: Proceedings of the Third International Conference on Foundations of Software Science and Computation Structures},
 year = {2000},
 isbn = {3-540-67257-5},
 pages = {146--160},
 publisher = {Springer-Verlag},
 address = {London, UK},
 }


@article{570890,
 author = {Matthew Hennessy and James Riely},
 title = {Information flow vs. resource access in the asynchronous pi-calculus},
 journal = {ACM Transactions on Programming Languages and Systems},
 volume = {24},
 number = {5},
 year = {2002},
 issn = {0164-0925},
 pages = {566--591},
 doi = {http://doi.acm.org/10.1145/570886.570890},
 publisher = {ACM Press},
 address = {New York, NY, USA},
 }

@BOOK{p2p,
  AUTHOR =       {Ramesh Nagappan and Robert Skoczylas and Rima Patel Sriganesh},
  TITLE =        {Developing Java Web Services: Architecting and Developing Secure Web Services Using Java},
  PUBLISHER =    {Wiley},
  YEAR =         {2002},
}

@article{1220151,
 author = {Fei Xia and Ian Clark},
 title = {Algorithms for Signal and Message Asynchronous Communication Mechanisms and their Analysis},
 journal = {Fundam. Inf.},
 volume = {50},
 number = {2},
 year = {2002},
 issn = {0169-2968},
 pages = {205--222},
 publisher = {IOS Press},
 address = {Amsterdam, The Netherlands, The Netherlands},
 }

@article{1227185,
 author = {Raymond Devillers and Hanna Klaudel},
 title = {Synchronous and Asynchronous Communications in Composable Parameterized High-Level Petri Nets},
 journal = {Fundam. Inf.},
 volume = {66},
 number = {3},
 year = {2005},
 issn = {0169-2968},
 pages = {221--257},
 publisher = {IOS Press},
 address = {Amsterdam, The Netherlands, The Netherlands},
 }

@BOOK{SOA1,
  AUTHOR =       {Thomas Erl},
  TITLE =        {Service-Oriented Architecture ({SOA}): Concepts, Technology, and Design},
  PUBLISHER =    {Prentice Hall PTR},
  YEAR =         {2005},
}



@BOOK{ESBbook,
  AUTHOR =       {David A. Chappell},
  editor =       {Mike Hendrickson},
  TITLE =        {Enterprise Service Bus},
  PUBLISHER =    {O'Reilly},
  YEAR =         {2004},

}

@BOOK{ESBbook2,
  AUTHOR =       {Martin Keen and Amit Acharya and Susan Bishop and Alan Hopkins and Sven Milinski and Chris Nott and Rick Robinson and Jonathan Adams and Paul Verschueren},
  TITLE =        {Patterns: Implementing an {SOA} using an Enterprise Service Bus},
  PUBLISHER =    {IBM Redbooks},
  YEAR =         {2004},

}



@article{Gelernter1985-linda,
 author = {David Gelernter},
 title = {Generative communication in {Linda}},
 journal = {ACM Transactions on Programming Languages and Systems},
 volume = {7},
 issue = {1},
 month = {January},
 year = {1985},
 issn = {0164-0925},
 pages = {80--112},
 numpages = {33},
 publisher = {ACM},
 address = {New York, NY, USA},
}

@article{Ahuja1986-linda,
 author = {Ahuja, Sudhir and Carriero, Nicholas and Gelernter, David},
 title = {Linda and Friends},
 journal = {Computer},
 volume = {19},
 issue = {8},
 month = {August},
 year = {1986},
 issn = {0018-9162},
 pages = {26--34},
 numpages = {9},
 publisher = {IEEE Computer Society Press},
 address = {Los Alamitos, CA, USA},
}


@article{lindaincontext,
 author = {Nicholas Carriero and David Gelernter},
 title = {Linda in Context},
 journal = {Communications of the ACM},
 volume = {32},
 number = {4},
 year = {1989},
 pages = {444-458},
 publisher = {ACM},

 }

@inproceedings{linda1,
  author    = {David Gelernter and
               Nicholas Carriero and
               Sarat Chandran and
               Silva Chang},
  title     = {Parallel Programming in Linda},
  booktitle = {  ICPP 1985: International Conference on Parallel Processing},
  year      = {1985},
  pages     = {255-263},

}


@article{tuplechannel07,
 author = {Manuel D\'{\i}az and Bartolom\'{e} Rubio and Jos\'{e} M. Troya},
 title = {A Tuple Channel-based Coordination Model for Parallel and Distributed Programming},
 journal = {Journal of Parallel and Distributed Computing},
 volume = {67},
 number = {10},
 year = {2007},
 issn = {0743-7315},
 pages = {1092-1107},
 publisher = {Academic Press},

 }

@article{modelforevery,
 author = {Nicholas Carriero and David Gelernter},
 title = {A Computational Model of Everything},
 journal = {Communications of the ACM},
 volume = {44},
 number = {11},
 year = {2001},
 issn = {0001-0782},
 pages = {77-81},
 publisher = {ACM},
 }

@article{jifeng07,
  author    = {He Jifeng and
               Huibiao Zhu and
               Geguang Pu},
  title     = {A model for BPEL-like languages},
  journal   = {Frontiers of Computer Science in China},
  volume    = {1},
  number    = {1},
  year      = {2007},
  pages     = {9-19},
  ee        = {http://dx.doi.org/10.1007/s11704-007-0002-7},
  bibsource = {DBLP, http://dblp.uni-trier.de}
}

@PHDTHESIS{zhuthesis,
  author =       {Huibiao Zhu},
  title =        {Linking the Semantics of a Multithreaded Discrete Event Simulation Language},
  school =       {London South Bank University},
  year =         {2005},
  month =        {February},
}

@BOOK{milner0,
  author =       {Robin Milner},
  title =        {A Calculus of Communicating Systems},
  publisher =    {Springer-Verlag},
  year =         {1980},
  volume =       {18},
  series =       {Lecture Notes in Computer Science},
  }

@inproceedings{draco1,
  author    = {Qin Li and Huibiao Zhu and He Jifeng},
  title     = {An Inconsistency Free Formalization of B/S Architecture},
  booktitle = {  of SEW-31: 31st IEEE Software Engineering Workshop},
  publisher = {IEEE Computer Society Press},
  MONTH     = {March},
  YEAR      = {2007},
  pages      = {75-85},

}

@INPROCEEDINGS{draco2,
  AUTHOR =       {Qin Li and Huibiao Zhu and Jing Li and He Jifeng},
  TITLE =        {Scalable Formalization of Publish/Subscribe Messaging Scheme Based On Message Brokers},
  BOOKTITLE =    {  of WS-FM2007: 4th International Workshop On Web Services and Formal Methods},
  YEAR =         {2008},
  publisher =    {Lecture Notes in Computer Science},
  pages     =    {61-76},
}

@TECHREPORT{draco3,
  AUTHOR =       {Qin Li and Huibiao Zhu and He Jifeng},
  TITLE =        {Towards the Service Composition Through Buses},
  INSTITUTION =  {Software Engineering Institute, East China Normal University},
  YEAR =         {2008},
}

@ARTICLE{Service_refinement,
  AUTHOR =       {He Jifeng},
  TITLE =        {Service Refinement},
  JOURNAL =      {Science in China Series F: Information Sciences},
  YEAR =         {2008},
  volume =       {51},
  number =       {6},
  pages =        {661-682},
}

@BOOK{BMeyer,
  AUTHOR =       {Bertrand Meyer},
  TITLE =        {Object-Oriented Software Construction, 2nd Edition},
  PUBLISHER =    {Prentice Hall International Series in Computer Science},
  YEAR =         {2000},
}

@INPROCEEDINGS{contract,
  AUTHOR =       {Bertrand Meyer},
  TITLE =        {Design by Contract},
  BOOKTITLE =    {Advances in Object-Oriented Software Engineering},
  YEAR =         {1991},
  editer=        {D Mandrioli and B Meyer},
  pages =        {1-50},
  publisher =    {Prentice Hall},
}

@ARTICLE{hoarelogic,
  AUTHOR =       {C.A.R. Hoare},
  TITLE =        {An Axiomatic Basis for Computer Programming},
  JOURNAL =      {Communications of the ACM},
  YEAR =         {1969},
  volume =       {12},
  number =       {10},
  pages =        {576-580},
}

@BOOK{refinement,
  AUTHOR =       {Carroll Morgan},
  TITLE =        {Programming from Specifications},
  PUBLISHER =    {Prentice Hall},
  YEAR =         {1990},
}

@BOOK{lembda,
  AUTHOR =       {H.P. Barendregt},
  TITLE =        {The Lambda Calculus (Studies in Logic and the Foundations of Mathematics)},
  PUBLISHER =    {North Holland},
  YEAR =         {1984},
}

@BOOK{process,
  AUTHOR =       {J.C.M. Baeten and W.P. Weijland},
  TITLE =        {Process Algebra},
  PUBLISHER =    {Cambridge University Press},
  YEAR =         {1990},
}

@INPROCEEDINGS{recover,
  AUTHOR =       {He Jifeng and C.A.R. Hoare},
  TITLE =        {Algebraic Specification and Proof of a Distributed Recovery Algorithm},
  BOOKTITLE =    {Distributed Computing},
  YEAR =         {1987},
  volume =       {2},
  number =       {1},
  pages =        {1-12},
}

@BOOK{networksecurity,
  AUTHOR =       {Mike Speciner},
  TITLE =        {Network Security (2nd edition)},
  PUBLISHER =    {Prentice Hall Professional},
  YEAR =         {2008},
}

@BOOK{networksecurity1,
  AUTHOR =       {Paul E. Proctor},
  TITLE =        {The Practical Intrusion Detection Handbook},
  PUBLISHER =    {Prentice Hall PTR},
  YEAR =         {2000},
}

@BOOK{hacking,
  AUTHOR =       {George Kurtz},
  TITLE =        {Hacking Exposed (5th Edition)},
  PUBLISHER =    {McGraw Hill Text},
  YEAR =         {2006},
}

@ARTICLE{denial,
  AUTHOR =       {{CERT Coordination Center}},
  TITLE =        {Denial of service attacks},
  JOURNAL =      {http://www. cert.org/tech\_tips/denial\_of\_service.html},
  YEAR =         {1997},
}

@article{denial1,
 author = {M\"{o}ls\"{a}, Jarmo},
 title = {Mitigating denial of service attacks: a tutorial},
 journal = {J. Comput. Secur.},
 volume = {13},
 number = {6},
 year = {2005},
 issn = {0926-227X},
 pages = {807-837},
 publisher = {IOS Press},
}

@inproceedings{denial2,
 author = {Kargl, Frank and Maier, Joern and Weber, Michael},
 title = {Protecting web servers from distributed denial of service attacks},
 booktitle = {Proceedings of the 10th international conference on World Wide Web},
 year = {2001},
 isbn = {1-58113-348-0},
 pages = {514-524},
 publisher = {ACM},
 address = {New York, NY, USA},
}

@inproceedings{degradation,
 author = {Andoni, Alexandr and Staddon, Jessica},
 title = {Graceful Service Degradation},
 booktitle = {Proceedings of the 6th ACM conference on Electronic commerce},
 year = {2005},
 isbn = {1-59593-049-3},
 pages = {9-18},
 location = {Vancouver, BC, Canada},
 doi = {http://doi.acm.org/10.1145/1064009.1064011},
 publisher = {ACM},
 address = {New York, NY, USA},
 }

@ARTICLE{tarski,
  author =       {A. Tarski},
  title =        {A Lattice-theoretical Fixpoint Theorem and its Applications },
  journal =      {Pacific Journal of Mathematics},
  year =         {1955},
  volume =       {5},
  number = {2},
  pages =        {285-309},
}

@article{hsm01,
  author    = {He Jifeng and
               Karen Seidel and
               Annabelle Mc{I}ver},
  title     = {{Probabilistic Models for the Guarded Command Language}},
  journal   = {Science of Computer Programming},
  volume    = {28},
  number    = {2-3},
  year      = {1997},
  pages     = {171-192},
}

@inproceedings{tw01,
  author    = {Xinbei Tang and
               Jim Woodcock},
  title     = {Travelling Processes},
  booktitle = {  MPC 2004: 7th International Conference on Mathematics of Program Construction, Stirling, Scotland, UK, July 12-14, 2004},
  PUBLISHER   = {Springer-Verlag},
  SERIES  = {Lecture Notes in Computer Science},
  VOLUME  = {3125},
  pages = {381-399},
  YEAR    = {2004}
}

@inproceedings{tw02,
  author    = {Xinbei Tang and
               Jim Woodcock},
  title     = {Towards Mobile Processes in Unifying Theories},
  booktitle = {  SEFM 2004: 2nd International Conference on Software Engineering and Formal Methods,
               Beijing, China, September 26-30, 2004},
  PUBLISHER   = {IEEE Computer Society},
  pages = {44-53},
  YEAR    = {2004}
}

@inproceedings{HeLLQ04,
  author    = {He Jifeng and
               Zhiming Liu and
               Xiaoshan Li and
               Shengchao Qin},
  title     = {A Relational Model for Object-Oriented Designs},
  booktitle = { \ APLAS 2004: 2nd Asian Symposium on Programming Languages and Systems,
               Taipei, Taiwan, November 4-6, 2004},
  pages     = {415-436},
  publisher = {Springer-Verlag},
  series    = {Lecture Notes in Computer Science},
  volume    = {3302},
  year      = {2004},
}

@inproceedings{He08_coordination,
  author    = {He Jifeng},
  title     = {Modelling Coordination and Compensation},
  booktitle = { \ ISoLA 2008: 3rd International Symposium on Leveraging Applications of Formal Methods},
  location    = {Porto Sani, Greece},
  MONTH       = {October},
  publisher = {Springer},
  series    = {Communications in Computer and Information Science},
  volume    = {17},
  year      = {2008},
  pages     = {15-36},
}

@inproceedings{LiuJLC03,
  author    = {Zhiming Liu and
               He Jifeng and
               Xiaoshan Li and
               Yifeng Chen},
  title     = {A Relational Model for Formal Object-Oriented Requirement
               Analysis in {UML}},
  booktitle = { \ ICFEM: 5th International
               Conference on Formal Engineering Methods, Singapore,
               November 5-7, 2003},
  pages     = {641-664},
  publisher = {Springer-Verlag},
  series    = {Lecture Notes in Computer Science},
  volume    = {2885},
  year      = {2003}
}

@inproceedings{LiLJ04,
  author    = {Li Xiaoshan and
               Liu Zhiming and
               He Jifeng},
  title     = {A Formal Semantics of {UML} Sequence Diagram},
  booktitle = { \ ASWEC 2004: 15th Australian Software Engineering Conference,
               13-16 April 2004, Melbourne, Australia},
  year      = {2004},
  pages     = {168-177},
  publisher = {IEEE Computer Society},
}

@INPROCEEDINGS{zhuhpl07-1,
    AUTHOR      = {Huibiao Zhu and
                   He Jifeng and
                   Geguang Pu and
                   Jing Li
                  },
    TITLE       = {An Operational Approach to {BPEL}-like Programming},
    BOOKTITLE   = { \ SEW-31: 31st IEEE Software Engineering
        Workshop, Baltimore, USA},
    publisher = {IEEE Computer Society Press},
    pages     = {236-245},
    MONTH       = {March},
    YEAR        = {2007},
}

@inproceedings{zhuhl07-icdcit,
  author    = {Huibiao Zhu and
               He Jifeng and
               Jing Li
               },
  title     = {Unifying  Denotational  Semantics with Operational Semantics for Web Services},
  booktitle = {  ICDCIT 2007: 4th International Conference on Distributed Computing and Internet Technology\emph{, Bangalore, India, 17 - 20 December, 2007}},
  pages     = {225-239},
  publisher = {Springer-Verlag},
  series    = {Lecture Notes in Computer Science},
  volume    = {4882},
  year      = {2007},
}

@INPROCEEDINGS{zhuhlb07-sefm,
    AUTHOR      = {Huibiao Zhu and
                   He Jifeng and
                   Jing Li and
                   Jonathan P. Bowen
                  },
    TITLE       = {Algebraic Approach to Linking the Semantics of Web Services},
    BOOKTITLE   = {  SEFM 2007: 5th IEEE International Conference on Software Engineering and Formal Methods},
    publisher   = {IEEE Computer Society Press},
    pages       = {315-326},
    location    = {London, UK},
    MONTH       = {September},
    YEAR        = {2007},
}

@inproceedings{LiuHL04,
  author    = {Zhiming Liu and
               He Jifeng and
               Xiaoshan Li},
  title     = {Contract Oriented Development of Component Software},
  booktitle = {  TCS 2004: 3rd International Conference
               on Theoretical Computer Science},
  year      = {2004},
  pages     = {349-366},
  location  = {Toulouse, France},
  month     = {August}
}

@article{service_composition,
 author = {Dustdar, Schahram and Schreiner, Wolfgang},
 title = {A survey on Web Services Composition},
 journal = {International Journal of Web and Grid Services},
 volume = {1},
 number = {1},
 year = {2005},
 issn = {1741-1106},
 pages = {1-30},
 publisher = {Inderscience Publishers},
 address = {Inderscience Publishers, Geneva, SWITZERLAND},
}

@INPROCEEDINGS{automated_composition,
    author = {Jinghai Rao and Xiaomeng Su},
    title = {A Survey of Automated Web Service Composition Methods},
    booktitle = {  SWSWPC 2004: 1st International Workshop on Semantic Web Services and Web Process Composition},
    year = {2004},
    pages = {43-54}
}



@INPROCEEDINGS{orcprogram,
  author    = {David Kitchin and
               Adrian Quark and
               William R. Cook and
               Jayadev Misra},
  title     = {The {Orc} Programming Language},
  booktitle = {  FMOODS/FORTE 2009: 11th Formal Methods for Open Object-Based Distributed Systems and 29th Formal Techniques for Networked and Distributed Systems},
  year      = {2009},
  pages     = {1-25},
  location  = {Lisboa, Portugal},
  month     = {June},
  publisher = {Springer},
  series    = {Lecture Notes in Computer Science}
}

@inproceedings{Orc1,
  author    = {David Kitchin and
               William R. Cook and
               Jayadev Misra},
  title     = {A Language for Task Orchestration and Its Semantic Properties},
  booktitle = {  CONCUR 2006: 17th International Conference on Concurrency Theory},
  year      = {2006},
  pages     = {477-491},
  location  = {Bonn, Germany},
  month     = {August},
  publisher = {Springer},
  series    = {Lecture Notes in Computer Science}
}

@inproceedings{Orc6,
  author    = {William R. Cook and
               Sourabh Patwardhan and
               Jayadev Misra},
  title     = {Workflow Patterns in {Orc}},
  booktitle = {COORDINATION 2006: 8th International Conference on Coordination Models and Languages},
  year      = {2006},
  pages     = {82-96},
  location  = {Bologna, Italy},
  month     = {June},
  publisher = {Springer},
  series    = {Lecture Notes in Computer Science}
}

@article{Orc2,
  author    = {Jayadev Misra and William R. Cook},
  title     = {Computation Orchestration},
  journal   = {Software and System Modeling},
  volume    = {6},
  number    = {1},
  year      = {2007},
  pages     = {83-110}
}

@article{Orc3,
  author    = {Ian Wehrman and
               David Kitchin and
               William R. Cook and
               Jayadev Misra},
  title     = {A timed semantics of {Orc}},
  journal   = {Theoretical Computer Science},
  volume    = {402},
  number    = {2-3},
  year      = {2008},
  pages     = {234-248}
}

@TECHREPORT{Orc4,
  AUTHOR =       {Ian Wehrman and David Kitchin and William R. Cook and Jayadev Misra},
  TITLE =        {Properties of the Timed Operational and Denotational Semantics of {Orc}},
  INSTITUTION =  {Department of Computer Science, The University of Texas at Austin},
  YEAR =         {2007},
  month =        {December}
}

@INPROCEEDINGS{OrcHoare,
    author = {Tony Hoare},
    title = {A Tree Semantics of an Orchestration Language},
    booktitle = {  NATO Advanced Study Institute, Engineering Theories of Software Intensive Systems, NATO ASI Series},
    year = {2004}
}

@MANUAL{Orcsite,
  TITLE =        {Orc Program Language Demo},
  organization = {Orc Language Project},
  note =         {\\http://orc.csres.utexas.edu/tryorc.shtml}
}

@article{AlTurki2,
  author    = {Musab AlTurki and
               Jos{\'e} Meseguer},
  title     = {Reduction Semantics and Formal Analysis of {Orc} Programs},
  journal   = {Electronic Notes in Theoretical Computer Science},
  volume    = {200},
  number    = {3},
  year      = {2008},
  pages     = {25-41},
}

@inproceedings{AlTurki1,
  author    = {Musab AlTurki and
               Jos{\'e} Meseguer},
  title     = {Real-time Rewriting Semantics of {Orc}},
  booktitle = {  PPDP 2007: 9th International ACM SIGPLAN Conference on Principles and Practice of Declarative Programming},
  year      = {2007},
  pages     = {131-142},
  location  = {Wroclaw, Poland},
  month     = {July},
  publisher = {ACM},
}

@ARTICLE{Vardoulakis,
  AUTHOR =       {Dimitrios Vardoulakis and Mitchell Wand},
  TITLE =        {A Compositional Trace Semantics for {Orc}},
  JOURNAL =      {Coordination Models and Languages},
  YEAR =         {2008},
  volume =       {5052},
  pages =        {331-346},
}


@inproceedings{contract_theory,
  author    = {Giuseppe Castagna and
               Nils Gesbert and
               Luca Padovani},
  title     = {A Theory of Contracts for Web Services},
  booktitle = {  POPL 2008: 35th ACM SIGPLAN-SIGACT Symposium on Principles of Programming Languages},
  year      = {2008},
  pages     = {261-272},
  location  = {San Francisco, California, USA},
  month     = {Jan},
  publisher = {ACM},
}

@inproceedings{formalcontract,
  author    = {Samuele Carpineti and
               Giuseppe Castagna and
               Cosimo Laneve and
               Luca Padovani},
  title     = {A Formal Account of Contracts for Web Services},
  booktitle = {  WS-FM 2006: 3rd International Workshop on Web Services and Formal Methods},
  year      = {2006},
  pages     = {148-162},
  publisher = {Springer},
  location  = {Vienna, Austria},
  month     = {Sept},
}

@ARTICLE{Taski_fixpoint,
  AUTHOR =       {Alfred Tarski},
  TITLE =        {A Lattice-theoretical Fixpoint Theorem and Its Application},
  JOURNAL =      {Pacific Journal of Mathmatics},
  YEAR =         {1955},
  volume =       {5},
  number =       {2},
  pages =        {285-309},
}




@BOOK{Dijkstra89_predicate,
  author =       {Edsger W. Dijkstra and Carel S. Scholten},
  title =        {Predicate Calculus and Program Semantics},
  publisher =    {Springer},
  year =         {1989}
}

@INPROCEEDINGS{Erne93_Galois_connection,
    author = {M. Erne and J. Koslowski and A. Melton and G. E. Strecker},
    title = {A Primer On Galois Connections},
    booktitle = {  1991 Summer Conference on General Topology and Applications in Honor of Mary Ellen Rudin and Her Work, Annals of the New York Academy of Sciences},
    year = {1993},
    volume = {704},
    pages   = {103-125},
}

@BOOK{Artin98_Galois,
  author =       {Emil Artin},
  title =        {Galois Theory},
  publisher =    {Dover Publications},
  year =         {1998},
}

@BOOK{Hoare85_CSP,
  author =       {C. A. R. Hoare},
  title =        {Communicating Sequential Processes},
  publisher =    {Prentice Hall},
  year =         {1985}
}



@BOOK{Roscoe97_CSP,
  author =       {A. W. Roscoe},
  title =        {The Theory and Practice of Concurrency},
  publisher =    {Prentice Hall International Series in Computer Science},
  year =         {1997}
}

@ARTICLE{He08_Service_refinement,
  AUTHOR =       {He Jifeng},
  TITLE =        {Service Refinement},
  JOURNAL =      {Science in China Series F: Information Sciences},
  YEAR =         {2008},
  volume =       {51},
  number =       {6},
  pages =        {661-682},
}

@inproceedings{ButlerL05_CSP_B,
  author    = {Michael J. Butler and
               Michael Leuschel},
  title     = {Combining {CSP} and {B} for Specification and Property Verification},
  booktitle = {  FM 2005: International Symposium of Formal Methods},
  year      = {2005},
  pages     = {221-236},
  location  = {Newcastle, UK},
  month     = {July},
  publisher = {Springer},
  series    = {Lecture Notes in Computer Science},
  volume    = {3582},
}

@article{SchneiderT05_CSP_B,
  author    = {Steve Schneider and
               Helen Treharne},
  title     = {{CSP} Theorems for Communicating {B} Machines},
  journal   = {Formal Aspect of Computing},
  volume    = {17},
  number    = {4},
  year      = {2005},
  pages     = {390-422},
}

@inproceedings{McEwanS06_CSP_B,
  author    = {Alistair A. McEwan and
               Steve Schneider},
  title     = {A Verified Development of Hardware Using {CSP $||$ B}},
  booktitle = {  MEMOCODE 2006: 4th ACM {\&} IEEE International Conference on Formal Methods and Models for Co-Design},
  year      = {2006},
  pages     = {81},
}

@inproceedings{McEwanS07_CSP_B,
  author    = {Alistair A. McEwan and
               Steve Schneider},
  title     = {Modeling and Analysis of the {AMBA} Bus Using {CSP} and {B}},
  booktitle = {  CPA 2007: The 30th Communicating Process Architectures Conference},
  year      = {2007},
  pages     = {379-398},
  publisher = {IOS Press},
  series    = {Concurrent Systems Engineering Series},
  volume    = {65},
location    = {Guildford, Surrey, UK},
month       = {July},

}


@inproceedings{Abrial_Z1,
  author    = {Jean-Raymond Abrial},
  title     = {Data Semantics},
  booktitle = {  IFIP Working Conference Data Base Management},
  year      = {1974},
  pages     = {1-60},
}

@incollection{Abrial_Z2,
  author    = {Jean-Raymond Abrial and
               Stephen A. Schuman and
               Bertrand Meyer},
  title     = {Specification Language},
  booktitle = {On the Construction of Programs},
  year      = {1980},
  pages     = {343-410},
}



@inproceedings{Benjamin89_CSP_Z,
 author = {M. Benjamin},
 title = {A Message Passing System: An Example of Combining {CSP} and {Z}},
 booktitle = {  4th Z Users Workshop, Workshops in Computing},
 year = {1989},
 pages = {221-228},
 publisher = {Springer-Verlag},
}


@inproceedings{Fischer97_CSP_OZ,
 author = {Clemens Fischer},
 title = {{CSP-OZ}: A Combination of {Object-Z} and {CSP}},
 booktitle = {  FMOODS '97: IFIP TC6 WG6.1 international workshop on Formal methods for open object-based distributed systems},
 year = {1997},
 isbn = {0-412-82040-4},
 pages = {423-438},
 location = {Canterbury, United Kingdom},
 publisher = {Chapman \& Hall, Ltd.},
 address = {London, UK},
}

@BOOK{woodcock97_Z,
  AUTHOR =       {Jim Woodcock and Jim Davies},
  TITLE =        {Using Z: Specification, Refinement, and Proof},
  PUBLISHER =    {Prentice-Hall},
  YEAR =         {1997},
  isbn =         {0-13-948472-8},
}


@BOOK{Spivey92_Z,
  AUTHOR =       {J. M. Spivey},
  TITLE =        {The Z Notation: A Reference Manual (2nd edition)},
  PUBLISHER =    {Prentice-Hall},
  YEAR =         {1992},
  series  =      {International Series in Computer Science},
}



@BOOK{Schneider01_B,
  AUTHOR =       {Steve Schneider},
  TITLE =        {The B-Method: An Introduction},
  PUBLISHER =    {Atlantic},
  YEAR =         {2001},
}

@book{Abrial96_B,
 author = {Jean-Raymond Abrial},
 title = {The B-book: Assigning Programs to Meanings},
 year = {1996},
 isbn = {0-521-49619-5},
 publisher = {Cambridge University Press},
 address = {New York, NY, USA},
 }


@inproceedings{WoodcockC01_circus,
author = {JCP Woodcock and ALC Cavalcanti},
title = {{A Concurrent Language for Refinement}},
booktitle={5th Irish Workshop on Formal Methods},
month = {July},
year = {2001},
pages = {182-196}
}




@inproceedings{WoodcockC02_semantics_circus,
  author    = {Jim Woodcock and
               Ana Cavalcanti},
  title     = {The Semantics of {Circus}},
  booktitle = {  ZB 2002: Formal Specification and Development in {Z} and {B}},
  year      = {2002},
  pages     = {184-203},
  publisher = {Springer},
  series    = {Lecture Notes in Computer Science},
  volume    = {2272},
  location  = {Grenoble, France},
  month = {January},
}


@article{OliveiraCW05_industry_circus,
  author    = {Marcel Oliveira and
               Ana Cavalcanti and
               Jim Woodcock},
  title     = {Formal development of industrial-scale systems in {Circus}},
  journal   = {Innovations in Systems and Software Engineering},
  volume    = {1},
  number    = {2},
  year      = {2005},
  pages     = {125-146},
}

@INPROCEEDINGS{Oliveira07_denotation_circus,
  AUTHOR =       {Marcel Oliveira and Ana Cavalcanti and Jim Woodcock},
  TITLE =        {A Denotational Semantics for {Circus}},
  BOOKTITLE =    {REFINE 2006: 11th Refinement Workshop },
  YEAR =         {2007},
  volume =       {187},
  series =       {Electronic Notes in Theoretical Computer Science},
  pages =        {107-123},
}



@BOOK{Kleppe03_MDA,
  AUTHOR =       {Anneke Kleppe and Jos Warmer and Wim Bast},
  TITLE =        {{MDA} Explained: The Model Driven Architecture: Practice and Promise},
  PUBLISHER =    {Addison Wesley Professional},
  YEAR =         {2003},
}

@inproceedings{WoodcockC01_CSP_Z,
  author    = {Jim Woodcock and
               Ana Cavalcanti},
  title     = {The Steam Boiler in a Unified Theory of {Z} and {CSP}},
  booktitle = {  APSEC 2001: 8th Asia-Pacific Software Engineering Conference},
  year      = {2001},
  pages     = {291-298},
  publisher = {IEEE Computer Society},
  location  = {Macau, China},
  month   = {December},
}


@BOOK{UMLuserGuide,
  AUTHOR =       {Grady Booch and James Rumbaugh and Ivar Jacobson},
  TITLE =        {The Unified Modeling Language User Guide (2nd Edition)},
  PUBLISHER =    {Addison Wesley Professional},
  YEAR =         {2005},
  isbn = {0-321-26797-4},
}

@BOOK{UMLbook1,
  AUTHOR =       {Michael R. Blaha and James R Rumbaugh},
  TITLE =        {Object-Oriented Modeling and Design with {UML} (2nd Edition)},
  PUBLISHER =    {Prentice Hall},
  YEAR =         {2004},
}

@ARTICLE{MDE1,
  AUTHOR =       {Douglas C. Schmidt},
  TITLE =        {Model-Driven Engineering},
  JOURNAL =      {IEEE Computer},
  YEAR =         {2006},
  volume =       {39},
  number =       {2},
  pages =        {25-31},
}

@INPROCEEDINGS{MDE2,
  AUTHOR =       {Krishnakumar Balasubramanian and Douglas C. Schmidt and Zoltan Molnar and Akos Ledeczi},
  TITLE =        {System Integration using Model-Driven Engineering},
  BOOKTITLE =    {  Designing Software-Intensive Systems: Methods and Principles. IGI Global},
  YEAR =         {2009},
  pages =        {474-504},
}


@MANUAL{MDA,
  TITLE =        {The Model-Driven Architecture, Guide Version 1.0.1, OMG Document: omg/2003-06-01},
}

@BOOK{MDA1,
  AUTHOR =       {David S. Frankel},
  TITLE =        {Model Driven Architecture: Applying {MDA} to Enterprise Computing},
  PUBLISHER =    {John Wiley \& Sons},
  YEAR =         {2003},
}

@MANUAL{QVT,
  TITLE =        {Object Management Group, {MOF} 2.0 Query / Views / Transformations RFP, OMG Document: ad/2002-04-10, revised on April 24, 2002},

}

@INPROCEEDINGS{Czarnecki03_modeltransformation,
    author = {Krzysztof Czarnecki and Simon Helsen},
    title = {Classification of Model Transformation Approaches},
    booktitle = {},
    year = {2003}
}

@article{Mens06_modeltransformation,
 author = {Tom Mens and Krzysztof Czarnecki and Pieter Van Gorp},
 title = {A Taxonomy of Model Transformation},
 journal = {Electronic Notes Theoritical Computer Science},
 volume = {152},
 year = {2006},
 issn = {1571-0661},
 pages = {125--142},
 publisher = {Elsevier Science Publishers B. V.},
 address = {Amsterdam, The Netherlands, The Netherlands},
 }

@book{Hennessy10_distributed_pi,
  author    = {Matthew Hennessy},
  title     = {A distributed Pi-calculus},
  publisher = {Cambridge University Press},
  year      = {2007},
  pages     = {1-259},
}

@BOOK{modeltheory,
  AUTHOR =       {Chang Chen Chung and Keisler H. Jerome},
  TITLE =        {Model Theory},
  PUBLISHER =    {Elsevier},
  YEAR =         {1990},
  edition =      {3rd},
  series    =    {Studies in Logic and the Foundations of Mathematics},
}

@BOOK{modeltheory1,
  AUTHOR =       {David Marker},
  TITLE =        {Model Theory: An Introduction},
  PUBLISHER =    {Springer},
  YEAR =         {2002},
}

@BOOK{modeltheory2,
  AUTHOR =       {Hodges, Wilfrid},
  TITLE =        {A shorter model theory},
  PUBLISHER =    {Cambridge University Press},
  YEAR =         {1977},
}

@ARTICLE{typetheory,
  AUTHOR =       {Alonzo Church},
  TITLE =        {A formulation of the simple theory of types},
  JOURNAL =      {The Journal of Symbolic Logic},
  YEAR =         {1940},
  volume =       {5},
  number =       {2},
  pages =        {56-68},
}

@BOOK{typetheory1,
  AUTHOR =       {Thompson Simon},
  TITLE =        {Type Theory and Functional Programming},
  PUBLISHER =    {Addison-Wesley},
  YEAR =         {1991},
}

@BOOK{prooftheory,
  AUTHOR =       {A. S. Troelstra and H. Schwichtenberg},
  TITLE =        {Basic Proof Theory},
  PUBLISHER =    {Cambridge University Press},
  YEAR =         {1996},
  series =       {Cambridge Tracts in Theoretical Computer Science},
}

@BOOK{prooftheory1,
  AUTHOR =       {Gaisi Takeuti},
  TITLE =        {Proof Theory},
  PUBLISHER =    {Elsevier Science},
  YEAR =         {1987},
  series =       {Studies in Logic and the Foundations of Mathematics},
}

@TECHREPORT{Back_refinement,
  AUTHOR =       {Ralph-Johan Back},
  TITLE =        {On the Correctness of Refinement Steps in Program Development},
  INSTITUTION =  {Department of Computer Science, University of Helsinki},
  YEAR =         {1978},
}

@BOOK{ERP,
  AUTHOR =       {Sheilds and G. Mureell},
  TITLE =        {E-Business and {ERP}: Rapid Implementation and Project Planning},
  PUBLISHER =    {John Wiley \& Sons},
  YEAR =         {2001},
}

@BOOK{distributed_systems,
  AUTHOR =       {Andrew S. Tanenbaum and Maarten van Steen},
  TITLE =        {Distributed Systems: Principles and Paradigms (2nd edition)},
  PUBLISHER =    {Prentice Hall},
  YEAR =         {2006},
}

@TECHREPORT{CPS_Edward,
  AUTHOR =       {Edward A. Lee},
  TITLE =        {{Cyber-Physical Systems} - Are Computing Foundations Adequate?},
  INSTITUTION =  {Department of EECS, UC Berkeley},
  YEAR =         {2006},
}

@TECHREPORT{CPS_Edward1,
  AUTHOR =       {Edward A. Lee},
  TITLE =        {Computing Foundations and Practice for {Cyber-Physical Systems}: A Preliminary Report},
  INSTITUTION =  {Department of EECS, UC Berkeley},
  YEAR =         {2007},
}

@ARTICLE{Ptolemy1,
  AUTHOR =       {Johan Eker and J. W. Janneck and Edward A. Lee and Jie Liu and Xiaojun Liu and Jozsef Ludvig and Stephen Neuendorffer and Sonia Sachs and Yuhong Xiong},
  TITLE =        {Taming Heterogeneity - The {Ptolemy} Approach},
  JOURNAL =      {The IEEE},
  YEAR =         {2003},
  volume =       {91},
  number =       {1},
  pages =        {127-144},
}




@inproceedings{Ptolemy2,
 author = {Edward A. Lee},
 title = {Disciplined heterogeneous modeling},
 booktitle = {  MODELS'10: 13th international conference on Model driven engineering languages and systems: Part II},
 year = {2010},
 location = {Oslo, Norway},
 pages = {273-287},
 numpages = {15},
 publisher = {Springer-Verlag},
 address = {Berlin, Heidelberg},
}

@TECHREPORT{Ptolemy,
  AUTHOR =       {Christopher Hylands and Edward Lee and Jie Liu and Xiaojun Liu and Stephen Neuendorffer and Yuhong Xiong and Yang Zhao and Haiyang Zheng},
  TITLE =        {Overview of the {Ptolemy} Project},
  INSTITUTION =  {Department of Electrical Engineering and Computer Science, University of California, Berkeley},
  YEAR =         {2003},
  month =        {July},
}


@BOOK{Predicate_Dijkstra,
  AUTHOR =       {Edsger W. Dijkstra and Carel S. Scholten},
  TITLE =        {{Predicate Calculus and Program Semantic}},
  PUBLISHER =    {Springer-Verlag},
  YEAR =         {1990},
}

@ARTICLE{predicatetrans_Dijkstra,
  AUTHOR =       {Edsger W. Dijkstra},
  TITLE =        {Guarded commands, nondeterminacy and formal derivation of program},
  JOURNAL =      {Communications of the ACM},
  YEAR =         {1975},
  volume =       {18},
  number =       {8},
  pages =        {453¨C457},
}

@BOOK{petrinet1,
  AUTHOR =       {Peterson and L. James},
  TITLE =        {Petri Net Theory and the Modeling of Systems},
  PUBLISHER =    {Prentice Hall},
  YEAR =         {1981},
}

@ARTICLE{petrinet2,
author={T. Murata},
journal={The IEEE},
title={Petri nets: Properties, analysis and applications},
year={1989},
volume={77},
number={4},
pages={541 -580},
}

@ARTICLE{Harel87statecharts,
AUTHOR = {David Harel},
TITLE = {{Statecharts: A Visual Formalism for Complex Systems}},
JOURNAL = {Science of Computer Programming},
volume= {8},
number= {3},
pages= {231-274},
publisher = {Elsevier},
YEAR = {1987},
}



@ARTICLE{rCOS_He,
  AUTHOR =       {He Jifeng and Xiaoshan Li and Zhiming Liu},
  TITLE =        {{rCOS: A Refinement Calculus for Object Systems}},
  JOURNAL =      {Theoretical Computer Science},
  YEAR =         {2006},
  volume =       {365},
  number =       {1-2},
  pages =        {109-142},
}

@inproceedings{transaction_Lijing,
  author    = {Jing Li and
               Huibiao Zhu and
               He Jifeng},
  title     = {Specifying and Verifying Web Transactions},
  booktitle = {  FORTE 2008: 28th IFIP WG 6.1 International Conference on Formal Techniques for Networked and Distributed Systems},
  year      = {2008},
  pages     = {149-168},
  publisher = {Springer},
  location  = {Tokyo, Japan},
  month   = {June},
}

@article{Zhu2010,
  author    = {Huibiao Zhu and
               He Jifeng and
               Jing Li and
               Geguang Pu and
               Jonathan P. Bowen},
  title     = {Linking denotational semantics with operational semantics
               for web services},
  journal   = {ISSE},
  volume    = {6},
  number    = {4},
  year      = {2010},
  pages     = {283-298},
}

@article{ZhuHB08,
  author    = {Huibiao Zhu and
               He Jifeng and
               Jonathan P. Bowen},
  title     = {From algebraic semantics to denotational semantics for {Verilog}},
  journal   = {ISSE},
  volume    = {4},
  number    = {4},
  year      = {2008},
  pages     = {341-360},
}



@INPROCEEDINGS{Lrelyguarantee_Feng,
  AUTHOR =       {Xinyu Feng},
  TITLE =        {Local Rely-Guarantee Reasoning},
  BOOKTITLE =    {  POPL'09: 36th ACM SIGPLAN-SIGACT Symposium on Principles of Programming Languages},
  YEAR =         {2009},
  pages =        {315-327},
  address =      {Savannah, Georgia, USA},
  month =        {January},
}

%model checking
@BOOK{modelchecking_Clarke1,
  AUTHOR =       {Edmund M. Clarke and Orna Grumberg and Doron A. Peled},
  TITLE =        {Model Checking},
  PUBLISHER =    {MIT Press},
  YEAR =         {1999},
}


@book{modelchecking2,
  AUTHOR =      {B. Berard and M. Bidoit and A. Finkel and F. Laroussinie and A. Petit and L. Petrucci and P. Schnoebelen},
 title = {Systems and software verification: model-checking techniques and tools},
 year = {1999},
 publisher = {Springer-Verlag},
}

@inproceedings{modelchecking_Clarke2,
 author = {Clarke, Edmund M. and Emerson, E. Allen},
 title = {Design and Synthesis of Synchronization Skeletons Using Branching-Time Temporal Logic},
 booktitle = {  Logic of Programs, Workshop},
 year = {1982},
 isbn = {3-540-11212-X},
 pages = {52-71},
 numpages = {20},
 acmid = {747438},
 publisher = {Springer-Verlag},
 address = {London, UK},
}

@book{modelchecking3,
 author = {McMillan, Kenneth L.},
 title = {Symbolic Model Checking},
 year = {1993},
 publisher = {Kluwer Academic Publishers},
 address = {Norwell, MA, USA},
}

@BOOK{SPIN,
  AUTHOR =       {Holzmann, G. J.},
  TITLE =        {The SPIN Model Checker: Primer and Reference Manual},
  PUBLISHER =    {Addison-Wesley},
  YEAR =         {2004},
}

@INPROCEEDINGS{UPPAAL,
  AUTHOR =       {G. Behrmann and A. David and K.G. Larsen},
  TITLE =        {A tutorial on {UPPAAL}},
  BOOKTITLE =    {International School on Formal Methods for the Design of Computer, Communication, and Software Systems},
  YEAR =         {2004},
  volume =       {3185},
  series =       {Lecture Notes in Computer Science},
  pages =        {200-236},
  address =      {Bertinora, Italy},
  month =        {September},
  publisher =    {Springer-Verlag},
}



@inproceedings{CBMC1,
  AUTHOR    = { Clarke, Edmund
                and Kroening, Daniel
                and Lerda, Flavio },
  TITLE     = { A Tool for Checking {ANSI-C} Programs },
  BOOKTITLE = { TACAS 2004: Tools and Algorithms for the Construction and Analysis of Systems  },
  YEAR      = { 2004 },
  PUBLISHER = { Springer },
  PAGES     = { 168--176 },
  SERIES    = { Lecture Notes in Computer Science },
  VOLUME    = { 2988 },
}

@inproceedings{CBMC2,
  AUTHOR    = { Clarke, Edmund
                and Kroening, Daniel },
  TITLE     = { Hardware Verification using {ANSI-C} Programs as a Reference },
  BOOKTITLE = { Proceedings of ASP-DAC 2003 },
  YEAR      = { 2003 },
  PUBLISHER = { IEEE Computer Society Press },
  PAGES     = { 308--311 },
  ISBN      = { 0-7803-7659-5 },
  MONTH     = { January },
}

@inproceedings{CBMC3,
  AUTHOR    = { Kroening, Daniel
                and Clarke, Edmund
                and Yorav, Karen },
  TITLE     = { Behavioral Consistency of {C} and {Verilog} Programs Using Bounded Model Checking },
  BOOKTITLE = { Proceedings of DAC 2003 },
  YEAR      = { 2003 },
  PUBLISHER = { ACM Press },
  PAGES     = { 368--371 },
  ISBN      = { 1-58113-688-9 },
}

@inproceedings{Jifeng05_linking,
  author    = {He Jifeng and C. A. R. Hoare},
  title     = {Linking Theories of Concurrency},
  booktitle = {ICTAC 2005: 2nd International Colloquium on Theoretical Aspects of Computing},
  year      = {2005},
  pages     = {303-317},
  publisher = {Springer},
  series    = {Lecture Notes in Computer Science},
  volume    = {3722},
}

@inproceedings{jifeng04_prob,
  author    = {He Jifeng and Carroll Morgan and Annabelle McIver},
  title     = {Deriving Probabilistic Semantics Via the {'Weakest Completion'}},
  booktitle = {ICFEM 2004: 6th International Conference on Formal Engineering Methods},
  year      = {2004},
  pages     = {131-145},
  publisher = {Springer},
  series    = {Lecture Notes in Computer Science},
  volume    = {3308},
}

@inproceedings{ChenHLZ07,
  author    = {Xin Chen and
               He Jifeng and
               Zhiming Liu and
               Naijun Zhan},
  title     = {A Model of Component-Based Programming},
  booktitle = {  FSEN 2007: International Symposium on Fundamentals of Software Engineering},
  year      = {2007},
  pages     = {191-206},
  publisher = {Springer},
  series    = {Lecture Notes in Computer Science},
  volume    = {4767},
  location  = {Tehran, Iran},
  month   = {April},
}

@inproceedings{zhao01,
  author    = {Yongxin Zhao and
               He Jifeng},
  title     = {Towards a Signal Calculus for Event-Based Synchronous Languages},
  booktitle = {ICFEM: International
               Conference on Formal Engineering Methods},
  year      = {2011},
  pages     = {1-13},
  publisher = {Springer},
  series    = {Lecture Notes in Computer Science},
  volume    = {6991},
  location  = {Durham, UK},
  month   = {October},

}

@inproceedings{jifeng07_linking,
  author    = {He Jifeng},
  title     = {Linking Semantic Models},
  booktitle = {ICTAC: International Confederation for Thermal Analysis and Calorimetry},
  publisher = {Springer},
  series    = {Lecture Notes in Computer Science},
  volume    = {4711},
  year      = {2007},
  pages     = {18-33},
  location  = {Macau, China},
  month   = {September},

}

@book{Henn90,
  author    = {Matthew Hennessy},
  title     = {Semantics of programming languages - an elementary introduction
               using structural operational semantics},
  publisher = {Wiley},
  year      = {1990},
  isbn      = {978-0-471-92772-3},
  pages     = {I-XII, 1-157}
}

@article{Plot04,
  author    = {Gordon D. Plotkin},
  title     = {A structural approach to operational semantics},
  journal   = {Technical Report 19, University of Aahua, 1981. Also published in The \textit{Journal of Logic and Algebraic Programming}.},
  volume    = {60-61},
  year      = {2004},
  pages     = {17-139}
}


@article{Hoare87,
  author    = {C. A. R. Hoare and
               Ian J. Hayes and
               He Jifeng and
               Carroll Morgan and
               A. W. Roscoe and
               Jeff W. Sanders and
               Ib Holm S{\o}rensen and
               J. Michael Spivey and
               Bernard Sufrin},
  title     = {Laws of Programming},
  journal   = {Commun. ACM},
  volume    = {30},
  number    = {8},
  year      = {1987},
  pages     = {672-686}
}


@inproceedings{Schm86,
  author    = {D. A. Schmidt},
  title     = {Denotational Semantics: A Methodology for Language Development},
  publisher  = {Allyn and Bacon},
  year  = {1986},

}

@article{scott71,
  author    = {D. Scott and C. Strachey},
  title     = {Towards a mathematical semantics for  computer languages},
  journal = {Technical Report PRG-6,Oxford Univeristiy Computer Laboratory},
  year      = {1971},

}

@article{scott77,
  author    = {J. Stoy},
  title     = {Denotational Semantics: The Scott-Strachey Approach to Programming Language},
  journal = {MIT Press},
  year      = {1977},

}


@inproceedings{Stra66,
  author    = {C. Strachey},
  title     = {Towards a formal semantics},
  booktitle = {T.B Steel, editor, Formal Language Description Languages for Computer Programming},
  publisher = {North-Holland},
  year      = {1966},
  pages     = {197-220},
}

@article{Gogu77,
  author    = {Joseph A. Goguen and
               James W. Thatcher and
               Eric G. Wagner and
               Jesse B. Wright},
  title     = {Initial Algebra Semantics and Continuous Algebras},
  journal   = {Jounrnal of the ACM},
  volume    = {24},
  number    = {1},
  year      = {1977},
  pages     = {68-95}
}


@article{Berg85,
  author    = {Jan A. Bergstra and
               Jan Willem Klop},
  title     = {Algebra of Communicating Processes with Abstraction},
  journal   = {Theoretical Computer Science},
  volume    = {37},
  year      = {1985},
  pages     = {77-121}
}


@article{Rosc88,
  author    = {A. W. Roscoe and
               C. A. R. Hoare},
  title     = {The Laws of Occam Programming},
  journal   = {Theoretical Computer Science},
  volume    = {60},
  year      = {1988},
  pages     = {177-229}
}

@article{Maddux96,
  author    = {Roger D. Maddux},
  title     = {Relation-Algebraic Semantics},
  journal   = {Theoretical Computer Science},
  volume    = {160},
  number    = {1{\&}2},
  year      = {1996},
  pages     = {1-85}
}

@book{Shya09,
  author    = {R. K. Shyamasundar, S. Ramesh },
  title     = {Real Time Programming: Languages, Specification and Verification},
  publisher = {World Scientific Publishing, Singapore},
}

@book{Reisig85,
  author    = {Wolfgang Reisig},
  title     = {Petri Nets: An Introduction},
  publisher = {Springer},
  series    = {Monographs in Theoretical Computer Science. An EATCS Series},
  volume    = {4},
  year      = {1985}
}

@inproceedings{Berry89,
  author    = {G{\'e}rard Berry},
  title     = {Real Time Programming: Special Purpose or General Purpose
               Languages},
  booktitle = {IFIP Congress},
  year      = {1989},
  pages     = {11-17}
}


@inproceedings{Brand07,
  author    = {Bj{\"o}rn B. Brandenburg and
               James H. Anderson},
  title     = {Integrating Hard/Soft Real-Time Tasks and Best-Effort Jobs
               on Multiprocessors},
  booktitle = {ECRTS: Euromicro Conference on Real-Time Systems},
  publisher = {IEEE Computer Society},
  year      = {2007},
  pages     = {61-70}
}

@inproceedings{Duwa03,
  author    = {Basheer Al-Duwairi and
               Govindarasu Manimaran},
  title     = {Combined Scheduling of Hard and Soft Real-Time Tasks in
               Multiprocessor Systems},
  booktitle = {HiPC£ºHigh Performance Computing},
  year      = {2003},
  pages     = {279-289},
  publisher = {Springer},
  series    = {Lecture Notes in Computer Science},
  volume    = {2913}
}

@book{Lapl97,
  author    = {P. A. Laplante},
  title     = {Real-Time Systems Design and Analysis: An Engineer's Handbook},
  publisher = {Second edition, IEEE Press},
  year      = {1997}
}

@PHDTHESIS{zhuthesis,
  author =       {Huibiao Zhu},
  title =        {Linking the Semantics of a Multithreaded Discrete Event Simulation Language},
  school =       {London South Bank University},
  year =         {2005},
  month =        {February},
}

@book{Hopc79,
  author    = {John E. Hopcroft and
               Jeffrey D. Ullman},
  title     = {Introduction to Automata Theory, Languages and Computation},
  publisher = {Addison-Wesley},
  year      = {1979}
}

@article{Yovine97,
  author    = {Sergio Yovine},
  title     = {KRONOS: A Verification Tool for Real-Time Systems},
  journal   = {STTT},
  volume    = {1},
  number    = {1-2},
  year      = {1997},
  pages     = {123-133}
}

@article{jifeng10,
  author    = {He Jifeng and
               Tony Hoare},
  title     = {{CSP} is a retract of {CCS}},
  journal   = {Theoretical Computer Science},
  volume    = {411},
  number    = {11-13},
  year      = {2010},
  pages     = {1311-1337}
}

@PHDTHESIS{Ruich06,
  author =       {Ruicheng Liu},
  title =        {Aspect-Oriented for Real-Time systems Based on UML and Formal Methods},
  school =       {Guangdong Univeristy of Technology},
  year =         {2006},
  month =        {May},
}

@article{Berg85,
  author    = {Jan A. Bergstra and
               Jan Willem Klop},
  title     = {Algebra of Communicating Processes with Abstraction},
  journal   = {Theoretical Computer Science},
  volume    = {37},
  year      = {1985},
  pages     = {77-121},

}

@inproceedings{ggpu08,
  author    = {Geguang Pu and
               Yongxin Zhao and
               Zheng Wang and
               Libo Feng and
               Huibiao Zhu and
               He Jifeng},
  title     = {A Denotational Model for Web Services Choreography},
  booktitle = {ICDCIT: International
               Conference Distributed Computing and Internet Technology},
  publisher = {Springer},
  series    = {Lecture Notes in Computer Science},
  volume    = {5375},
  year      = {2008},
  pages     = {1-12}
}

@article{Tars41,
  author    = {Alfred Tarski},
  title     = {{On the Calculus of Relations}},
  journal   = {The Journal of Symbolic Logic},
  volume    = {6},
  number    = {3},
  year      = {1941},
  pages     = {73-89}
}

@inproceedings{Reed86,
  author    = {George M. Reed and
               A. W. Roscoe},
  title     = {A Timed Model for Communicating Sequential Processes},
  booktitle = {ICALP: International
               Colloquium Automata, Languages and Programming},
  year      = {1986},
  pages     = {314-323},
  publisher = {Springer},
  series    = {Lecture Notes in Computer Science},
  volume    = {226}
}

@article{Reed99,
  author    = {George M. Reed and
               A. W. Roscoe},
  title     = {The Timed Failures-Stability Model for {CSP}},
  journal   = {Theor. Comput. Sci.},
  volume    = {211},
  number    = {1-2},
  year      = {1999},
  pages     = {85-127}
}

@article{Berth91,
  author    = {Bernard Berthomieu and
               Michel Diaz},
  title     = {Modeling and Verification of Time Dependent Systems Using
               Time Petri Nets},
  journal   = {IEEE Trans. Software Eng.},
  volume    = {17},
  number    = {3},
  year      = {1991},
  pages     = {259-273}
}

@inproceedings{Alur90,
  author    = {Rajeev Alur and
               David L. Dill},
  title     = {Automata For Modeling Real-Time Systems},
  booktitle = {ICALP: International
               Colloquium Automata, Languages and Programming},
  year      = {1990},
  pages     = {322-335},
  publisher = {Springer},
  series    = {Lecture Notes in Computer Science},
  volume    = {443}
}

@article{Alur94,
  author    = {Rajeev Alur and
               David L. Dill},
  title     = {A Theory of Timed Automata},
  journal   = {Theoretical Computer Science},
  volume    = {126},
  number    = {2},
  year      = {1994},
  pages     = {183-235}
}


@inproceedings{Leve85,
  author    = {Nancy G. Leveson and
               Janice L. Stolzy},
  title     = {Analyzing Safety and Fault Tolerance Using Time Petri Nets},
  booktitle = {TAPSOFT: Mathematical Foundations of Software Development, Proceedings
               of the International Joint Conference on Theory and Practice
               of Software Development, Vol.2},
  year      = {1985},
  pages     = {339-355},
  publisher = {Springer},
  series    = {Lecture Notes in Computer Science},
  volume    = {186},
  year      = {1985}
}

@article{Sist87,
  author    = {A. Prasad Sistla and
               Moshe Y. Vardi and
               Pierre Wolper},
  title     = {The Complementation Problem for B{\"u}chi Automata with
               Appplications to Temporal Logic},
  journal   = {Theoretical Computer Science},
  volume    = {49},
  year      = {1987},
  pages     = {217-237}
}

@inproceedings{Wolp83,
  author    = {Pierre Wolper and
               Moshe Y. Vardi and
               A. Prasad Sistla},
  title     = {Reasoning about Infinite Computation Paths (Extended Abstract)},
  booktitle = {FOCS: Symposium on Foundations of Computer Science},
  publisher = {IEEE Computer Society},
  year      = {1983},
  pages     = {185-194}
}


@inproceedings{Song06,
  author    = {Jianping Song and
               Aloysius K. Mok and
               Deji Chen and
               Mark Nixon},
  title     = {Using Real-Time Logic Synthesis Tool to Achieve Process
               Control over Wireless Sensor Networks},
  booktitle = {RTCSA: IEEE Conference on Embedded and Real-Time Computing
               Systems and Applications},
  year      = {2006},
  pages     = {420-426},
  publisher = {IEEE Computer Society},
  year      = {2006}
}

@inproceedings{Safra88,
  author    = {Shmuel Safra},
  title     = {On the Complexity of omega-Automata},
  booktitle = {FOCS: Symposium on Foundations of Computer Science},
  year      = {1988},
  publisher = {IEEE Computer Society},
  pages     = {319-327}
}

@inproceedings{Henz96,
  author    = {Thomas A. Henzinger},
  title     = {{The Theory of Hybrid Automata}},
  booktitle = {Proceedings of LICS},
  publisher = {IEEE},
  year      = {1996},
  pages     = {278-292}
}

@article{Chao91,
  author    = {Zhou Chaochen and
               C. A. R. Hoare and
               Anders P. Ravn},
  title     = {{A Calculus of Durations}},
  journal   = {Information Process Letter},
  volume    = {40},
  number    = {5},
  year      = {1991},
  pages     = {269-276}
}

@inproceedings{Chao92,
  author    = {Zhou Chaochen and
               Anders P. Ravn and
               Michael R. Hansen},
  title     = {{An Extended Duration Calculus for Hybrid Real-Time Systems}},
  booktitle = {Hybrid Systems},
  year      = {1992},
  pages     = {36-59},
  publisher = {Springer},
  series    = {Lecture Notes in Computer Science},
  volume    = {736}
}

@article{jifeng94,
  author    = {He Jifeng},
  title     = {From {CSP} to hybrid systems},
  journal   = {A. W. Roscoe (Ed.), A Classical Mind, Essays in Honour of C.A.R. Hoare, Prentice-Hall International},
  year      = {1994},
  pages     = {171-189}
}

@inproceedings{Liu10,
  author    = {Jiang Liu and
               Jidong Lv and
               Zhao Quan and
               Naijun Zhan and
               Hengjun Zhao and
               Chaochen Zhou and
               Liang Zou},
  title     = {A Calculus for Hybrid {CSP}},
  booktitle = {APLAS£º Asian Symposium on Programming Languages and Systems},
  publisher = {Springer},
  series    = {Lecture Notes in Computer Science},
  volume    = {6461},
  year      = {2010},
  pages     = {1-15}
}



@article{bican07,
  author    = {Bican Xia},
  title     = {{DISCOVERER}: A tool for sovling semi-algebraic systems},
  journal   = {ACM SIGSAM Bulletin 41(3), Waterloo, Also: Software Demo at ISSAC},
  year      = {2007},
  pages     = {102-103}
}


@article{Zhang2008,
  author    = {Zhang S.},
  title     = {The General Technical Solutions to Chinese Train Control System at Level 3 ({CTCS}-3)},
  journal   = {China Railway Publishing House},
  year      = {2008}
}

@article{Berry92,
  author    = {G{\'e}rard Berry and
               Georges Gonthier},
  title     = {The Esterel Synchronous Programming Language: Design, Semantics,
               Implementation},
  journal   = {Science Computer Program},
  volume    = {19},
  number    = {2},
  year      = {1992},
  pages     = {87-152}
}

@article{Bous91,
  author    = {Fr{\'e}d{\'e}ric Boussinot},
  title     = {Reactive C: An Extension of C to Program Reactive Systems},
  journal   = {Software Practice Experence},
  volume    = {21},
  number    = {4},
  year      = {1991},
  pages     = {401-428}
}


@inproceedings{Berry00,
  author    = {G{\'e}rard Berry},
  title     = {The foundations of Esterel},
  booktitle = {Proof, Language, and Interaction, Essays in Honour of Robin
               Milner},
  year      = {2000},
  publisher = {The MIT Press},
  pages     = {425-454}
}

@inproceedings{Berry96,
  author    = {G{\'e}rard Berry},
  title     = {Constructive Semantics of Esterel: From Theory to Practice
               (Abstract)},
  booktitle = {AMAST: Algebraic Methodology and Software Technology},
  year      = {1996},
  publisher = {Springer},
  series    = {Lecture Notes in Computer Science},
  volume    = {1101},
  pages     = {225}
}

@inproceedings{Reza09,
  author    = {Mohammad Reza Mousavi},
  title     = {Causality in the Semantics of Esterel: Revisited},
  booktitle = {SOS: Structural Operational Semantics},
  year      = {2009},
   series    = {EPTCS},
  volume    = {18},
  pages     = {32-45}
}


@inproceedings{Tini01,
  author    = {Simone Tini},
  title     = {An Axiomatic Semantics for the Synchronous Language Gentzen},
  booktitle = {FoSSaCS: Foundations of Software Science and Computation Structures},
  year      = {2001},
  pages     = {394-409},
  publisher = {Springer},
  series    = {Lecture Notes in Computer Science},
  volume    = {2030}

}

@inproceedings{Butu03,
  author    = {Dumitru Potop-Butucaru and
               Robert de Simone},
  title     = {Optimizations for Faster Execution of Esterel Programs},
  booktitle = {MEMOCODE: ACM {\&} IEEE International Conference on Formal Methods
               and Models for Co-Design},
  year      = {2003},
  pages     = {227-236},
  publisher = {IEEE Computer Society}
}


@article{Tard05,
  author    = {Olivier Tardieu and
               Robert de Simone},
  title     = {Loops in esterel},
  journal   = {ACM Transaction in Embedded Computer Systems},
  volume    = {4},
  number    = {4},
  year      = {2005},
  pages     = {708-750}
}

@article{Davis93,
  author    = {J. Davis},
  title     = {Specification and Proof in Real-Time {CSP}},
  journal   = {Cambridge University Press},
  year      = {1993}
}

@article{Ouak02,
  author    = {Jo{\"e}l Ouaknine and
               James Worrell},
  title     = {Timed {CSP} = Closed Timed Safety Automata},
  journal   = {Electronic Notes in Theoretical Computer Science},
  volume    = {68},
  number    = {2},
  year      = {2002},
  pages     = {142-159}
}

@PHDTHESIS{xiao05,
  author =       {Xiaojun Liu},
  title =        {Semantic Foundation of the Tagged Signal Model},
  school =       {Electrical Engineering and Computer Sciences University of California at Berkeley},
  year =         {2005},
  month =        {December},
}

@inproceedings{Raja00,
  author    = {Basant Rajan and
               R. K. Shyamasundar},
  title     = {Modeling Distributed Embedded Systems in Multiclock ESTEREL},
  booktitle = {FORTE: Formal Techniques for Distributed System Development},
  year      = {2000},
  pages     = {301-316},
   publisher = {Kluwer},
  series    = {IFIP Conference Proceedings},
  volume    = {183}
}

@inproceedings{Rajan00,
  author    = {Basant Rajan and
               R. K. Shyamasundar},
  title     = {Multiclock Esterel: A Reactive Framework for Asynchronous
               Design},
  booktitle = {IPDPS: International Parallel {\&} Distributed
               Processing Symposium},
  publisher = {IEEE Computer Society},
  year      = {2000},
  pages     = {201-210}
}

@inproceedings{RajanS00,
  author    = {Basant Rajan and
               R. K. Shyamasundar},
  title     = {Modeling VHDL in Multiclock ESTEREL},
  booktitle = {International Conference on {VLSI} Design},
  year      = {2000},
  pages     = {76-83},
  publisher = {IEEE Computer Society}
}

@article{Shyama03,
  author    = {R. K. Shyamasundar},
  title     = {Multi-clock esterel: A framework for gals, {September}, {Pisa}, {Italy}},
  journal   = {Invited paper},
  year      = {2003}
}

@BOOK{Barn97,
  author =       {J. Barnes},
  title =        {High Integrity {ADA}},
  publisher =    {Addison Wesley, New-York},
  year =         {1997}
}

@inproceedings{Caspi87,
  author    = {Paul Caspi and
               Daniel Pilaud and
               Nicolas Halbwachs and
               John Plaice},
  title     = {Lustre: A Declarative Language for Programming Synchronous
               Systems},
  booktitle = {POPL: ACM Symposium on Priciples of Programming Languages, Munich, Germany},
  year      = {1987},
  pages     = {178-188}
}

@inproceedings{Maran89,
  author    = {Florence Maraninchi},
  title     = {Argonaute: Graphical Description, Semantics and Verification
               of Reactive Systems by Using a Process Algebra},
  booktitle = {Automatic Verification Methods for Finite State Systems},
  year      = {1989},
  pages     = {38-53},
  publisher = {Springer},
  series    = {Lecture Notes in Computer Science},
  volume    = {407},
}


@proceedings{maude07,
  editor    = {Manuel Clavel and
               Francisco Dur{\'a}n and
               Steven Eker and
               Patrick Lincoln and
               Narciso Mart\'{\i}-Oliet and
               Jos{\'e} Meseguer and
               Carolyn L. Talcott},
  title     = {All About Maude - A High-Performance Logical Framework,
               How to Specify, Program and Verify Systems in Rewriting
               Logic},
  booktitle = {All About Maude},
  publisher = {Springer},
  series    = {Lecture Notes in Computer Science},
  volume    = {4350},
  year      = {2007}
}

@article{maude02,
  author    = {Manuel Clavel and
               Francisco Dur{\'a}n and
               Steven Eker and
               Patrick Lincoln and
               Narciso Mart\'{\i}-Oliet and
               Jos{\'e} Meseguer and
               Jose F. Quesada},
  title     = {Maude: specification and programming in rewriting logic},
  journal   = {Theor. Comput. Sci.},
  volume    = {285},
  number    = {2},
  year      = {2002},
  pages     = {187-243}
}

@article{maude96,
  author    = {Manuel Clavel and
               Steven Eker and
               Patrick Lincoln and
               Jos{\'e} Meseguer},
  title     = {Principles of Maude},
  journal   = {Electr. Notes Theor. Comput. Sci.},
  volume    = {4},
  year      = {1996},
  pages     = {65-89}
}

@book{Prolog1,
  author    = {William F. Clocksin and
               Christopher S. Mellish},
  title     = {Programming in Prolog (4. ed.)},
  publisher = {Springer},
  year      = {1994},
  isbn      = {978-3-540-58350-9},
  pages     = {I-XIV, 1-281}
}

@book{Prolog2,
  author    = {William F. Clocksin},
  title     = {Clause and effect - Prolog programming for the working programmer},
  publisher = {Springer},
  year      = {1997},
  isbn      = {978-3-540-62971-9},
  pages     = {I-IX, 1-143}
}

@article{Rabin02,
  author    = {Alexander Moshe Rabinovich},
  title     = {Finite variability interpretation of monadic logic of order},
  journal   = {Theor. Comput. Sci.},
  volume    = {275},
  number    = {1-2},
  year      = {2002},
  pages     = {111-125}
}

@inproceedings{Alur93,
  author    = {Rajeev Alur and
               Costas Courcoubetis and
               Thomas A. Henzinger and
               Pei-Hsin Ho},
  title     = {{Hybrid Automata: An Algorithmic Approach to the Specification
               and Verification of Hybrid Systems}},
  booktitle = {Hybrid Systems},
  year      = {1993},
  pages     = {209-229},
  publisher = {Springer},
  series    = {Lecture Notes in Computer Science},
  volume    = {736}
}

@article{Henzi98,
  author    = {Thomas A. Henzinger and
               Peter W. Kopke and
               Anuj Puri and
               Pravin Varaiya},
  title     = {{What's Decidable about Hybrid Automata?}},
  journal   = {Journal of Computer and System Sciences},
  volume    = {57},
  number    = {1},
  year      = {1998},
  pages     = {94-124}
}

@book{Niss92,
  author    = {Nimal Nissanke},
  title     = {Real time systems},
  publisher = {Prentice Hall},
  series    = {Prentice Hall series in computer science},
  year      = {1997},
  isbn      = {978-0-13-651274-5},
  pages     = {I-XVI, 1-441}
}

@article{LeeS98,
  author    = {Edward A. Lee and
               Alberto L. Sangiovanni-Vincentelli},
  title     = {A framework for comparing models of computation},
  journal   = {IEEE Trans. on CAD of Integrated Circuits and Systems},
  volume    = {17},
  number    = {12},
  year      = {1998},
  pages     = {1217-1229}
}

@article{HoareHS93,
  author    = {C. A. R. Hoare and
               He Jifeng and
               Augusto Sampaio},
  title     = {Normal Form Approach to Compiler Design},
  journal   = {Acta Inf.},
  volume    = {30},
  number    = {8},
  year      = {1993},
  pages     = {701-739}
}

@inproceedings{HeH00,
  author    = {He Jifeng and
               C. A. R. Hoare},
  title     = {Unifying theories of healthiness condition},
  booktitle = {APSEC: Asia-Pacific Software Engineering Conference},
  year      = {2000},
   publisher = {IEEE Computer Society},
  pages     = {70-83}
}

@book{Dijk76,
  author    = {Edsger W. Dijkstra},
  title     = {A Discipline of Programming},
  publisher = {Prentice-Hall},
  year      = {1976}
}

@inproceedings{Wood90,
  author    = {Jim Woodcock and
               Carroll Morgan},
  title     = {Refinement of State-Based Concurrent Systems},
  booktitle = {VDM Europe},
  publisher = {Springer},
  series    = {Lecture Notes in Computer Science},
  volume    = {428},
  year      = {1990},
  pages     = {340-351}
}

@article{Wirth71,
  author    = {Niklaus Wirth},
  title     = {Program Development by Stepwise Refinement},
  journal   = {Commun. ACM},
  volume    = {14},
  number    = {4},
  year      = {1971},
  pages     = {221-227}
}


@inproceedings{Olderog91,
  author    = {Ernst-R{\"u}diger Olderog},
  title     = {Towards a Design Calculus for Communicationg Programs},
  booktitle = {CONCUR},
  year      = {1991},
  pages     = {61-77},
  publisher = {Springer},
  series    = {Lecture Notes in Computer Science},
  volume    = {527}
}


@article{Nicollin94,
  author    = {Xavier Nicollin and
               Joseph Sifakis},
  title     = {The Algebra of Timed Processes, ATP: Theory and Application},
  journal   = {Inf. Comput.},
  volume    = {114},
  number    = {1},
  year      = {1994},
  pages     = {131-178}
}

