@misc{GoogleP55:online,
author = {},
title = {â€¢ Google Play Store: number of apps 2018 | Statistic},
howpublished = {\url{https://www.statista.com/statistics/266210/number-of-available-applications-in-the-google-play-store/}},
month = {},
year = {},
note = {(Accessed on 09/07/2018)}
}

@phdthesis{stafford2000formal,
  title={A formal, language-independent, and compositional approach to interprocedural control dependence analysis},
  author={Stafford, Judith Alyce and Wolf, Alexander L},
  year={2000},
  school={University of Colorado}
}

@misc{androguard:online,
author = {},
title = {androguard/androguard: Reverse engineering, Malware and goodware analysis of Android applications ... and more (ninja !)},
howpublished = {\url{https://github.com/androguard/androguard}},
month = {},
year = {},
note = {(Accessed on 09/08/2018)}
}